@ARTICLE{Biraben79,
    author = "F. Biraben",
    year = "1979",
    title = "Efficacit\'e des syst\`emes unidirectionnels utilisables dans les lasers en anneau",
    journal = "Optics Comm.",
    volume = "29",
    pages = "353"
}


@ARTICLE{Bourzeix93,
    author = "S. Bourzeix and M. D. Plimmer and F. Nez and L. Julien and F. Biraben",
    year = "1993",
    title = "Efficient frequency doubling of a continuous wave titanium:sapphire laser in an external enhancement cavity",
    journal = "Optics Comm.",
    volume = "99",
    pages = "89"
}



@misc{sirah,
  author =	 {{Sirah Laser-und Plasmatechnik}},
  title =	 "Matisse TR Datasheeet",
  year = "2006"
}
