%Articles

@ARTICLE{Briegel98,
    author = "H.-J. Briegel and W. Dur and J. I. Cirac and P. Zoller",
    year = "1998",
    title = "Quantum repeaters: the role of imperfect local operations in quantum communication",
    journal = "Phys. Rev. Lett.",
    volume = "81",
    pages = "5932"
}


@ARTICLE{Chaneliere05,
    author = "T. Chaneli\`ere and D. N. Matsukevich",
    year = "1997",
    title = "Measurement of the quantum states of squeezed light",
    journal = "Nature",
    volume = "387",
    pages = "471"
}


@article{chaneliere2010efficient,
  title={{Efficient light storage in a crystal using an atomic frequency comb}},
  author={Chaneli\`ere, T. and Ruggiero, J. and Bonarota, M. and Afzelius, M. and Gou{\.e}t, JL},
  journal={New Journal of Physics},
  volume={12},
  pages={023025},
  year={2010},
  publisher={IOP Publishing}
}


@ARTICLE{Duan01,
    author = "L.-M. Duan and M. D. Lukin and J. I. Cirac and P. Zoller",
    year = "2001",
    title = "Long-distance quantum communication with atomic ensembles and linear optics",
    journal = "Nature",
    volume = "414",
    pages = "413"
}


@ARTICLE{Kozuma08,
    author = "K. Honda and D. Akamatsu and M. Arikawa and Y. Yokoi and K. Akiba and S. Nagatsuka and T. Tanimura and A. Furusawa and M. Kozuma",
    year = "2008",
    title = "Storage and retrieval of a squeezed vacuum",
    journal = "Phys. Rev. Lett.",
    volume = "100",
    pages = "093601"
}

@ARTICLE{Kozuma09,
    author = "M. Arikawa and K. Honda and D. Akamatsu and S. Nagatsuka and A. Furusawa and M. Kozuma",
    year = "2009",
    title = "Quantum memory of a squeezed vacuum for arbitrary frequency sidebands",
    journal = "arXiv:0905.2816v1 [quant-ph]"
}

@ARTICLE{Kuzmich05,
    author = "T. Chaneli\`ere and D. N. Matsukevich and S. D. Jenkins and S.-Y. Lan and T. A. B. Kennedy and A. Kuzmich",
    year = "2005",
    title = "Storage and retrieval of single photons transmitted between remote quantum memories",
    journal = "Nature",
    volume = "438",
    pages = "833"
}


@ARTICLE{Lukin05,
    author = "M. D. Eisaman and A. Andr\'e and F. Massou and M. Fleischhauer and A. S. Zibrov and M. D. Lukin",
    year = "2005",
    title = "Electromagnetically induced transparency with tunable single-photon pulses",
    journal = "Nature",
    volume = "438",
    pages = "837"
}

@ARTICLE{Lvovsky08,
    author = "J. Appel and E. Figueroa and D. Korystov and M. Lobino and A. I. Lvovsky",
    year = "2008",
    title = "Quantum memory for squeezed light",
    journal = "Phys. Rev. Lett.",
    volume = "100",
    pages = "093602"
}

@article{lvovsky2009optical,
  title={{Optical quantum memory}},
  author={Lvovsky, A.I. and Sanders, B.C. and Tittel, W.},
  journal={Nature Photonics},
  volume={3},
  pages={706--714},
  year={2009},
  publisher={Nature Publishing Group}
}

@ARTICLE{Polzik04,
    author = "B. Julsgaard and J. Sherson and J. I. Cirac and J. Fiurasek and E. S. Polzik",
    year = "2004",
    title = "Experimental demonstration of quantum memory for light",
    journal = "Nature",
    volume = "432",
    pages = "482"
}

@Article{PhysRevLett.96.043602,
  title = {Photon Echoes Produced by Switching Electric Fields},
  author = {Alexander, A. L. and Longdell, J. J. and Sellars, M. J. and Manson, N. B.},
  journal = {Phys. Rev. Lett.},
  volume = {96},
  pages = {043602},
  numpages = {4},
  year = {2006},
  month = {Feb},
  doi = {10.1103/PhysRevLett.96.043602},
  publisher = {American Physical Society}
}

@ARTICLE{Zeilinger07b,
    author = "H. Hubel and M. R. Vanner and T. Lederer and B. Blauensteiner and T. Lorunser and A. Poppe and A. Zeilinger",
    year = "2007",
    title = "High-fidelity transmission of polarized encoded qubits from an entangled source over 100 km of fiber",
    journal = "Opt. Express",
    volume = "15",
    pages = "7853"
}
