%%Articles

@article{Reynaud1989209,
title = "A semiclassical linear input output transformation for quantum fluctuations",
journal = "Optics Communications",
volume = "71",
pages = "209 - 214",
year = "1989",
note = "",
issn = "0030-4018",
doi = "DOI: 10.1016/0030-4018(89)90429-X",
url = "http://www.sciencedirect.com/science/article/B6TVF-46DFWS9-PY/2/4f6bc1708f93c5406db6c02931c3860e",
author = "Serge Reynaud and Antoine Heidmann"
}


@article{fabre1989noise,
  title={{Noise characteristics of a non-degenerate Optical Parametric Oscillator-Application to quantum noise reduction}},
  author={Fabre, C. and Giacobino, E. and Heidmann, A. and Reynaud, S.},
  journal={Journal de Physique},
  volume={50},
  pages={1209--1225},
  year={1989},
  publisher={edpsciences. org}
}

%%Books
@book{bloembergen1996nonlinear,
  title={{Nonlinear optics}},
  author={Bloembergen, N.},
  year={1996},
  publisher={World Scientific Pub Co Inc}
}


@book{boyd,
  title={{Nonlinear Optics. 1992}},
  author={Boyd, RW},
  publisher={New York: Academic Press},
  year={1992}
}


@book{shen1984principles,
  title={{The principles of nonlinear optics}},
  author={Shen, Y.R.},
  year={1984},
  publisher={Wiley-Interscience, New York, NY, USA}
}


%%Thesises

@PHDTHESIS{BourzeixPhD,
	author = "S. Bourzeix",
	title = "Laser continu \`a 205 nm: application \`a la mesure du d\'eplacement de Lamb dans l'hydrog\`ene",
	school = "Universit\'e Pierre et Marie Curie",
	year = "1995"
}


@phdthesis{ortalo,
        location = {http://www.scientificcommons.org/54722789},
        title = {Transparence induite \'electromagn\'etiquement et m\'emoire quantique dans une vapeur de c\'esium},
        author = {Ortalo, J\'er\'emie},
        year = {2009},
	school="Universit\'e Pierre et Marie Curie",
        url = {http://tel.archives-ouvertes.fr/tel-00424144/en/},
        institution = {Th\`eses en Ligne [http://tel.archives-ouvertes.fr/oai/oai.php] (France)},
}


@phdthesis{SoerensenPhD,
	author="J. L. S\text{\o}rensen",
	year="1998",
	title="Nonclassical light for atomic physics and quantum teleportation",
	school="University of Aarhus"
}



%% Notes

@MISC{joffre,
 author="M. Joffre",
 title="Optique non-lin\'eaire en r\'egimes continu et femtoseconde",
 howpublished="notes de cours de Master 2 disponibles \`a l'adresse suivante: http://www.enseigne\-ment.polytechnique.fr/profs/physique/Manuel.Joffre/onl/cours.pdf",
 year="2009"
}

