@misc{quantopt,
  author="Burks, Sidney",
  title="Source Code",
  howpublished="Github repository - http://github.com/quantopt  Public Domain",
  year=2010,
  url="http://github.com/quantopt",
  note="sid137@alum.mit.edu"
}

@book{silage,
  title={{Embedded Design Using Programmable Gate Arrays}},
  author={Silage, D.},
  year={2008},
  publisher={Bookstand Publishing, USA}
}
