% Support

@ARTICLE{Giacobino87,
    author = "A. Heidmann and R. J. Horowicz and S. Reynaud and E. Giacobino and C. Fabre and G. Camy",
    year = "1987",
    title = "Observation of quantum noise reduction on twin laser beams",
    journal = "Phys. Rev. Lett.",
    volume = "59",
    pages = "2555"
}


@ARTICLE{Glauber63,
    author = "R. J. Glauber",
    year = "1963",
    title = "Coherent and incoherent states of the radiation field",
    journal = "Phys. Rev.",
    volume = "131",
    pages = "2766"
}


@ARTICLE{Reid88,
	author = "M. Reid",
	year = "1988",
	journal = "Phys. Rev. Lett.",
	volume = "60",
	pages = "2731",
	title = "Quantum correlations of phase in nondegenerate parametric oscillation"
}


@ARTICLE{Reid89,
	author = "M. Reid",
	year = "1989",
	journal = "Phys. Rev. A",
	volume = "40",
	pages = "913",
	title = "Demonstration of the Einstein-Podolsky-Rosen paradox using non-degenerate parametric amplification"
}



%% Courses

@MISC{courty05,
 author="J. M. Courty",
 title="Optique Quantique, notes de course",
 year="2005"
}


@ARTICLE{Fabre89,
	author = "C. Fabre and E. Giacobino and A. Heidmann and S. Reynaud",
	year = "1989",
	journal = "J. Phys.",
	volume = "50",
	pages = "1209",
	title = "Noise characteristics of a non-degenerate optical parametric oscillator - Application to quantum noise reduction"
}



@BOOK{Fabre90,
 author="C. Fabre",
 title="Quantum noise in optical systems",
 publisher="Les Houches, Session LIII, 1990, North-Holland",
 pages="",
 year="1990"
}

@BOOK{Fabre95,
 author="C. Fabre",
 title="Quantum fluctuations in light beams",
 publisher="Les Houches, Session LXIII, 1995, Elsevier Science B. V.",
 pages="",
 year="1997"
}


@MISC{Fabre07,
 author="C. Fabre",
 title="Quantum optics, from one mode to many modes",
 howpublished="notes de cours dispens\'es pendant l'Ecole Pr\'edoctorale des Houches session XXIV, disponibles \`a l'adresse: http://hal-sfo.ccsd.cnrs.fr/houches-opt-quan/fr/",
 year="2007"
}



%% Articles

@Article{duan,
  title = {Inseparability Criterion for Continuous Variable Systems},
  author = {Duan, Lu-Ming  and Giedke, G.  and Cirac, J. I. and Zoller, P. },
  journal = {Phys. Rev. Lett.},
  volume = {84},
  pages = {2722--2725},
  numpages = {3},
  year = {2000},
  month = {Mar},
  doi = {10.1103/PhysRevLett.84.2722},
  publisher = {American Physical Society}
}


@ARTICLE{Glauber69,
    author = "K. E. Cahill and R. J. Glauber",
    year = "1969",
    title = "Density operators and quasiprobability distributions",
    journal = "Phys. Rev.",
    volume = "177",
    pages = "1882"
}

@Article{simon,
  title = {Peres-Horodecki Separability Criterion for Continuous Variable Systems},
  author = {Simon, R. },
  journal = {Phys. Rev. Lett.},
  volume = {84},
  pages = {2726--2729},
  numpages = {3},
  year = {2000},
  month = {Mar},
  doi = {10.1103/PhysRevLett.84.2726},
  publisher = {American Physical Society}
}

@article{treps2005criteria,
  title={{Criteria of Quantum Correlation in the Measurement of Continuous Variables in Optics}},
  author={Treps, N. and Fabre, C.},
  journal={Laser Physics},
  volume={15},
  pages={187--194},
  year={2005}
}

@ARTICLE{Wigner32,
    author = "E. Wigner",
    year = "1932",
    title = "On the quantum correction for thermodynamic equilibrium",
    journal = "Phys. Rev.",
    volume = "40",
    pages = "749"
}


%% Books

@book{bachor2004guide,
  title={{A Guide To Experiments In Quantum Optics}},
  author={Bachor, H.A. and Ralph, T.C.},
  year={2004},
  publisher={wiley-vch}
}


@book{cohen,
 author="C. Cohen-Tannoudji and B. Diu and F. Laloe",
 title="Quantum Mechanics, Vol 1",
 publisher="Editions Hermann",
 pages="",
 year="1973"
}


@book{fox2006quantum,
  title={{Quantum optics: an introduction}},
  author={Fox, A.M.},
  year={2006},
  publisher={Oxford University Press, USA}
}


@book{garrison2008quantum,
  title={{Quantum Optics}},
  author={Garrison, J. and Chiao, R.Y.},
  year={2008},
  publisher={Oxford University Press, USA}
}


@book{gerry2005introductory,
  title={{Introductory Quantum Optics}},
  author={Gerry, C.C. and Knight, P.L.},
  year={2005},
  publisher={Cambridge Univ Pr}
}


@book{Glauberbis63,
    author = "R. J. Glauber",
    year = "1963",
    title = "The quantum theory of optical coherence",
    journal = "Phys. Rev.",
    volume = "130",
    pages = "2529"
}



@book{leonhardt1997measuring,
  title={{Measuring the Quantum State Of Light}},
  author={Leonhardt, U.},
  year={1997},
  publisher={Cambridge Univ Pr}
}

@book{loudon2000quantum,
  title={{The Quantum Theory of Light}},
  author={Loudon, R.},
  year={2000},
  publisher={Oxford University press, USA}
}

@book{mandel1995optical,
  title={{Optical Coherence and Quantum Optics}},
  author={Mandel, L. and Wolf, E.},
  year={1995},
  publisher={Cambridge Univ Pr}
}


@book{scully1997quantum,
  title={{Quantum optics}},
  author={Scully, M.O. and Zubairy, M.S.},
  year={1997},
  publisher={Cambridge Univ. Press}
}

@book{schleich2001quantum,
  title={{Quantum optics in phase space}},
  author={Schleich, W.},
  year={2001},
  publisher={Vch Verlagsgesellschaft Mbh}
}

@book{walls2008quantum,
  title={{Quantum optics}},
  author={Walls, DF and Milburn, G.J.},
  year={2008},
  publisher={Springer Verlag}
}





%% Thesises

@PHDTHESIS{LamPhD,
	author="P. K. Lam",
	year="1998",
	title="Applications Of Quantum Electro-Optic Control and Squeezed Light",
	school="Australian National University"
}


@phdthesis{bowen2003experiments,
  title={{Experiments Towards a Quantum Information Network With Squeezed Light and Entanglement}},
  author={Bowen, WP},
  school={Australian National University},
  year={2003}
}

@phdthesis{appel-light,
  title={{A Light-Atom Quantum Interface Based on Electromagnetically Induced Transparency}},
  author={Appel, J.},
  school={The University of Calgary},
  year={2007}
}

@phdthesis{dauria,
  title={{Dynamics and Behavoir of Triply Resonant OPOs Below the Threshold}},
  author={D'Auria, V.},
  school={Universit\`a Degli Studi di Napoli Federico II},
  year={2005}
}
