%%  Articles


%% Memory


@article{harris1997electromagnetically,
  title={{Electromagnetically induced transparency}},
  author={Harris, S.E.},
  journal={Physics Today},
  volume={50},
  pages={36},
  year={1997}
}

@article{chaneliere2005storage,
  title={{Storage and retrieval of single photons transmitted between remote quantum memories}},
  author={Chaneli\`ere, T. and Matsukevich, DN and Jenkins, SD and Lan, S.Y. and Kennedy, TAB and Kuzmich, A.},
  journal={Nature},
  volume={438},
  number={7069},
  pages={833--836},
  year={2005},
  publisher={Nature Publishing Group}
}

@article{choi2008mapping,
  title={{Mapping photonic entanglement into and out of a quantum memory}},
  author={Choi, KS and Deng, H. and Laurat, J. and Kimble, HJ},
  journal={Nature},
  volume={452},
  pages={67--71},
  year={2008},
  publisher={Nature Publishing Group}
}

@article{gorshkov2007photon,
  title={{Photon storage in $\Lambda$-type optically dense atomic media. II. Free-space model}},
  author={Gorshkov, A.V. and Andr{\'e}, A. and Lukin, M.D. and S{\o}rensen, A.S.},
  journal={Physical Review A},
  volume={76},
  pages={33805},
  issn={1094-1622},
  year={2007},
  publisher={APS}
}


@article{zhao2008millisecond,
  title={{A millisecond quantum memory for scalable quantum networks}},
  author={Zhao, B. and Chen, Y.A. and Bao, X.H. and Strassel, T. and Chuu, C.S. and Jin, X.M. and Schmiedmayer, J. and Yuan, Z.S. and Chen, S. and Pan, J.W.},
  journal={Nature Physics},
  volume={5},
  pages={95--99},
  year={2008},
  publisher={Nature Publishing Group}
}


%% MOT

@article{steck2003cesium,
  title={{Cesium D line data}},
  author={Steck, D.A.},
  journal={Los Alamos National Laboratory (unpublished)},
  year={2003}
}


@article{wieman2008inexpensive,
  title={{Inexpensive laser cooling and trapping experiment for undergraduate laboratories}},
  author={Wieman, C. and Flowers, G. and Gilbert, S.},
  journal={Collected Papers of Carl Wieman},
  volume={63},
  pages={383},
  year={2008},
  publisher={World Scientific Pub Co Inc}
}


@article{garrido2007,
  title={{Compensation of eddy-current-induced magnetic field transients in a MOT}},
  author={Garrido Alzar, C.L. and Petrov, P.G. and Oblak, D. and Mueller, J.H. and Polzik, E.S.},
  year={2007}
}









%% Diode Lasers
@article{Baillard06,
    author = "X. Baillard and A. Gauguet and S. Bize and P. Lemonde and Ph. Laurent and A. Clairon and P. Rosenbusch",
    year = "2006",
    title = "Interference-filter-stabilized external-cavity diode lasers",
    journal = "Opt. Comm.",
    volume = "266",
    pages = "609"
}








%% PLL
@article{abramovitch2002phase,
  title={{Phase-locked loops: A control centric tutorial}},
  author={Abramovitch, D.},
  booktitle={American Control Conference, 2002. Proceedings of the 2002},
  volume={1},
  year={2002}
}



@article{curtin1999phase1,
  title={{Phase-Locked Loops for High-Frequency Receivers and Transmitters-Part 1}},
  author={Curtin, M. and O Brien, P.},
  journal={Analog Dialogue},
  volume={33},
  year={1999},
  publisher={Citeseer}
}

@article{curtin1999phase2,
  title={{Phase-Locked Loops for High-Frequency Receivers and Transmitters-Part 2}},
  author={Curtin, M. and O Brien, P.},
  journal={Analog Dialogue},
  volume={33},
  pages={123--126},
  year={1999},
  publisher={Citeseer}
}

@article{curtin1999phase3,
  title={{Phase-Locked Loops for High-Frequency Receivers and Transmitters-Part 3}},
  author={Curtin, M. and O'Brien, P.},
  journal={Analog Dialogue},
  volume={33},
  year={1999},
  publisher={Citeseer}
}


@misc{mch12140,
  author =	 {{On Semiconductor}},
  title =	 "MCH12140 Phase-Frequency Detector Datasheet",
  year=          "2006"
}

@misc{mch12093,
  author =	 {{On Semiconductor}},
  title =	 "MC12093 Low Power prescaler with Stand-By Mode Datasheeet",
  year = "2006"
}

@misc{and8040,
  author =	 {{On Semiconductor}},
  title =	 "AND8040/D  Phase Lock Loop General Operations",
  year = "2004"
}


@misc{langton,
  author =	 "Langton, C.",
  title =	 "Unlocking the Phases Locked Loop",
  year = "2002"
}

%% OPLL

@article{appel2009versatile,
title={{A versatile digital GHz phase lock for external cavity diode lasers}},
author={Appel, J. and MacRae, A. and Lvovsky, AI},
journal={Measurement Science and Technology},
volume={20},
pages={055302},
year={2009},
publisher={Institute of Physics Publishing}
}



@article{zhu1993stabilization,
title={{Stabilization of optical phase/frequency of a laser system: application to a commercial dye laser with an external stabilizer}},
author={Zhu, M. and Hall, J.L.},
journal={Journal of the Optical Society of America B},
volume={10},
pages={802--816},
year={1993},
publisher={OSA}
}


@article{lu2008realization,
title={{Realization of Optical Phase Locked Loop at 9.2 GHz between Two Independent Diode Lasers}},
author={Lu-Ming, L. and Wen-Zhuo, T. and Zhen-Yan, H. and Hong, G.},
journal={Chinese Physics Letters},
volume={25},
pages={3253--3256},
year={2008},
publisher={Institute of Physics Publishing}
}


@article{hockel2009robust,
title={{A robust phase-locked diode laser system for EIT experiments in cesium}},
author={Hockel, D. and Scholz, M. and Benson, O.},
journal={Applied Physics B: Lasers and Optics},
volume={94},
pages={429--435},
year={2009},
publisher={Springer}
}



%% Raman Spectroscopy
@article{ringot2001subrecoil,
  title={{Subrecoil Raman spectroscopy of cold cesium atoms}},
  author={Ringot, J. and Szriftgiser, P. and Garreau, J.C.},
  journal={Physical Review A},
  volume={65},
  pages={13403},
  year={2001},
  publisher={APS}
}


@article{felinto2006conditional,
  title={{Conditional control of the quantum states of remote atomic memories for quantum networking}},
  author={Felinto, D. and Chou, CW and Laurat, J. and Schomburg, EW and De Riedmatten, H. and Kimble, HJ},
  journal={Nature Physics},
  volume={2},
  pages={844--848},
  year={2006},
  publisher={Nature Publishing Group}
}


%% One with Raman explanations


@article{felinto2005control,
  title={{Control of decoherence in the generation of photon pairs from atomic ensembles}},
  author={Felinto, D. and Chou, CW and De Riedmatten, H. and Polyakov, SV and Kimble, HJ},
  journal={Physical Review A},
  volume={72},
  pages={53809},
  year={2005},
  publisher={APS}
}


