%% Articles
@ARTICLE{Biaggio92,
    author = "I. Biaggio and P. Kerkoc and L.-S. Wu and P. Gunter and B. Zysset",
    year = "1992",
    title = "Refractive indices of orthorhombic KNbO$_3$. II. Phase-matching configurations for nonlinear-optical interactions",
    journal = "J. Opt. Soc. Am. B",
    volume = "9",
    pages = "507"
}


@ARTICLE{Boyd68,
    author = "G. D. Boyd and D. A. Kleinman",
    year = "1968",
    title = "Parametric interaction of focused gaussian light beams",
    journal = "J. Appl. Phys.",
    volume = "39",
    pages = "3597"
}

@ARTICLE{Boulanger00,
    author = "B. Boulanger and J.-Ph. F\`eve and Y. Guillien",
    year = "2000",
    title = "Thermo-optical effect and saturation of nonlinear absorption induced by gray tracking in a 532-nm-pumped KTP optical parametric oscillator",
    journal = "Opt. Lett.",
    volume = "25",
    pages = "484"
}


@ARTICLE{Hansson00,
    author = "G. Hansson and H. Karlsson and S. Wang and F. Laurell",
    year = "2000",
    title = "Transmission measurements in KTP and isomorphic compounds",
    journal = "Appl. Opt.",
    volume = "39",
    pages = "5058"
}


@article{Shaddock:99, 

author = {D. A. Shaddock and M. B. Gray and D. E. McClelland}, 
journal = {Opt. Lett.}, 
keywords = {Fabry-Perot; Interferometry; Optoelectronics},
pages = {1499--1501}, 
publisher = {OSA},
title = {Frequency locking a laser to an optical cavity by use of spatial mode interference}, 
volume = {24}, 
year = {1999},
url = {http://ol.osa.org/abstract.cfm?URI=ol-24-21-1499},
}


@article{aalto:2861,
author = {Timo T. Aalto and Mikko Harjanne and Markku Kapulainen},
collaboration = {},
title = {Method for the rotational alignment of polarization-maintaining optical fibers and waveguides},
publisher = {SPIE},
year = {2003},
journal = {Optical Engineering},
volume = {42},
pages = {2861-2867},
keywords = {optical fibre testing; optical waveguides; angular measurement; optical fibre polarisation; optical polarisers; optical fibre couplers},
url = {http://link.aip.org/link/?JOE/42/2861/1},
doi = {10.1117/1.1600730}
}

@article{Vanherzeele, 
author = {Herman Vanherzeele and J. D. Bierlein and F. C. Zumsteg}, 
journal = {Appl. Opt.}, 
keywords = {},
pages = {3314--3316}, 
publisher = {OSA},
title = {Index of refraction measurements and parametric generation in hydrothermally grown KTiOPO4}, 
volume = {27}, 
year = {1988},
url = {http://ao.osa.org/abstract.cfm?URI=ao-27-16-3314},
}


@article{villa2007,
  title={{High-efficiency blue-light generation with a ring cavity with periodically poled KTP}},
  author={Villa, F. and Chiummo, A. and Giacobino, E. and Bramati, A.},
  journal={Journal of the Optical Society of America B},
  volume={24},
  pages={576--580},
  year={2007},
  publisher={OSA}
}

@article{Eckardt:91,
author = {Robert C. Eckardt and C. D. Nabors and William J. Kozlovsky and Robert L. Byer},
journal = {J. Opt. Soc. Am. B},
keywords = {},
pages = {646--667},
publisher = {OSA},
title = {Optical parametric oscillator frequency tuning and control},
volume = {8},
year = {1991},
url = {http://josab.osa.org/abstract.cfm?URI=josab-8-3-646},
}

@article{letargat2005,
title = "75\%-Efficiency blue generation from an intracavity PPKTP frequency doubler",
journal = "Optics Communications",
volume = "247",
pages = "471 - 481",
year = "2005",
note = "",
issn = "0030-4018",
doi = "DOI: 10.1016/j.optcom.2004.11.081",
url = "http://www.sciencedirect.com/science/article/B6TVF-4DYVTRF-2/2/baa7233dc12814936c0c2661b7643656",
author = "R. Le Targat and J.-J. Zondy and P. Lemonde",
keywords = "Second harmonic generation",
keywords = "PPKTP",
keywords = "Strontium",
keywords = "Thermal effects"
}


@article{Mabuchi:94, 
author = {H. Mabuchi and E. S. Polzik and H. J. Kimble}, 
journal = {J. Opt. Soc. Am. B}, 
keywords = {},
pages = {2023--2029}, 
publisher = {OSA},
title = {Blue-light-induced infrared absorption in KNbO3}, 
volume = {11}, 
year = {1994},
url = {http://josab.osa.org/abstract.cfm?URI=josab-11-10-2023},
}


@article{black4notes,
  title={{Notes on the pound-drever-hall technique}},
  author={Black, E.},
  journal={Technical Note LIGO-T980045-00-D},
  volume={4},
  pages={16--98},
  year={2001}
}


@article{black79,
author = {Eric D. Black},
collaboration = {},
title = {An introduction to Pound--Drever--Hall laser frequency stabilization},
publisher = {AAPT},
year = {2001},
journal = {American Journal of Physics},
volume = {69},
pages = {79-87},
keywords = {teaching; laser theory; laser frequency stability; laser mode locking},
url = {http://link.aip.org/link/?AJP/69/79/1},
doi = {10.1119/1.1286663}
}


@article{arie1997,
title = "Green and ultraviolet quasi-phase-matched second harmonic generation in bulk periodically-poled KTiOPO4",
journal = "Optics Communications",
volume = "142",
pages = "265 - 268",
year = "1997",
note = "",
issn = "0030-4018",
doi = "DOI: 10.1016/S0030-4018(97)00338-6",
url = "http://www.sciencedirect.com/science/article/B6TVF-497C5R6-TM/2/02474b462ebab22f73739611efb6e70f",
author = "A. Arie and G. Rosenman and V. Mahal and A. Skliar and M. Oron and M. Katz and D. Eger"
}


%% Bookes

%% Thesises

 
@phdthesis{shaddock2001,
  title={{Advanced Interferometry for Gravitational Wave Detection}},
  author={Shaddock, D.A.},
  year={2001},
  school={The Australian National University}
}

@phdthesis{courtillot2003premiere,
  title={{Premi{\`e}re observation de la transition fortement interdite 1S0-3P0 du strontium, pour une horloge optique {\`a} atomes pi{\'e}g{\'e}s}},
  author={Courtillot, I.},
  school="Universit\'e Pierre et Marie Curie",
  year={2003}
}
