@Article{PhysRevA.61.010304,
  title = {Maximum-likelihood estimation of the density matrix},
  author = {Banaszek, K.  and D'Ariano, G. M. and Paris, M. G. A. and Sacchi, M. F.},
  journal = {Phys. Rev. A},
  volume = {61},
  pages = {010304},
  numpages = {4},
  year = {1999},
  month = {Dec},
  doi = {10.1103/PhysRevA.61.010304},
  publisher = {American Physical Society}
}


@Article{PhysRevA.63.040303,
  title = {Iterative algorithm for reconstruction of entangled states},
  author = {Reh\'acek, J.  and Hradil, Z.  and Jezek, M. },
  journal = {Phys. Rev. A},
  volume = {63},
  pages = {040303},
  numpages = {4},
  year = {2001},
  month = {Mar},
  doi = {10.1103/PhysRevA.63.040303},
  publisher = {American Physical Society}
}

@Article{RevModPhys.81.299,
  title = {Continuous-variable optical quantum-state tomography},
  author = {Lvovsky, A. I. and Raymer, M. G.},
  journal = {Rev. Mod. Phys.},
  volume = {81},
  pages = {299--332},
  numpages = {33},
  year = {2009},
  month = {Mar},
  doi = {10.1103/RevModPhys.81.299},
  publisher = {American Physical Society}
}



@article{lvovsky2004,
  title={{Iterative maximum-likelihood reconstruction in quantum homodyne tomography}},
  author={Lvovsky, AI},
  journal={Journal of Optics B: Quantum and Semiclassical Optics},
  volume={6},
  year={2004},
  publisher={IOP Publishing Ltd, Dirac House, Temple Back, Bristol, BS 1 6 BE, UK,}
}




@BOOK{Siegman86,
 author="A. E. Siegman",
 title="Lasers",
 publisher="University Science Books, Mill Walley, California",
 pages="",
 year="1986"
}