@article{feynman1982simulating,
  title={{Simulating physics with computers}},
  author={Feynman, R.P.},
  journal={International journal of theoretical physics},
  volume={21},
  pages={467--488},
  year={1982},
  publisher={Springer}
}


@article{Bennett84,
    author = "C. H. Bennett and G. Brassard",
    year = "1984",
    title = "Quantum cryptography: public key distribution and coin tossing",
    journal = "Proceedings of IEEE International conference on computers, systems, and signal processing",
    pages = "175"
}



@ARTICLE{Deutsch85,
    author = "D. Deutsch",
    year = "1985",
    title = "Quantum theory, the Church-Turing principle and the universal quantum computer",
    journal = "Proceedings of the royal society of London A",
    volume = "400",
    pages = "97"
}



@ARTICLE{Ekert91,
    author = "A. K. Ekert",
    year = "1991",
    journal = "Phys. Rev. Lett.",
    volume = "67",
    pages = "661",
    title = "Quantum cryptography based on Bell's theorem"
}



@ARTICLE{Shor94,
    author = "P. W. Shor",
    year = "1994",
    title = "Algorithms for quantum computation: discrete logarithms and factoring",
    journal = "Proceedings, 35$^{th}$ annual symposium on foundations of computer science, IEEE Press, Los Alamitos, CA",
     pages="124",
}



@ARTICLE{Grover96,
    author = "L. K. Grover",
    year = "1996",
    title = "A fast quantum mechanical algorithm for database search",
    journal = "Proceedings, 28$^{th}$ annual ACM symposium on the theory of computing",
    pages = "212"
}



@PHDTHESIS{CviklinskiPhD,
	author="J. Cviklinski",
	year="2008",
	title="Interface quantique atomes-champs en r\'egime de variables continues",
	school="Universit\'e Pierre et Marie Curie"
}


@PHDTHESIS{CoudreauPhD,
	author = "T. Coudreau",
	title = "R\'eduction du bruit et tomographie quantique d'un faisceau laser interagissant avec des atomes froids: th\'eorie et exp\'eriences",
	school = "Universit\'e Pierre et Marie Curie",
	year = "1997"
}

@PHDTHESIS{DantanPhD,
	author = "A. Dantan",
	title = "G\'en\'eration, stockage et manipulation d'\'etats non classiques pour des ensembles atomiques et des champs \'electromagn\'etiques",
	school = "Universit\'e Pierre et Marie Curie",
	year = "2005"
}


@PHDTHESIS{HilicoPhD,
	author="L. Hilico",
	year="1992",
	title="R\'eduction du bruit quantique de la lumi\`ere par une cavit\'e bistable",
	school="Universit\'e Pierre et Marie Curie"
}

@PHDTHESIS{JossePhD,
	author="V. Josse",
	year="2003",
	title="R\'eduction du bruit de polarisation et intrication quantique en variables continues avec un nuage d'atomes froids",
	school="Universit\'e Pierre et Marie Curie"
}


@PHDTHESIS{LauratPhD,
	author="J. Laurat",
	year="2004",
	title="Etats non-classiques et intrication en variables continues \`a l'aide d'un oscillateur param\'etrique optique",
	school="Universit\'e Pierre et Marie Curie"
}



@PHDTHESIS{LambrechtPhD,
	author="A. Lambrecht",
	year="1995",
	title="Atomes froids et fluctuations quantiques",
	school="Universit\'e Pierre et Marie Curie"
}

@PHDTHESIS{VernacPhD,
	author="L. Vernac",
	year="2001",
	title="Etude exp\'erimentale et th\'eorique des fluctuations quantiques de champs et d'atomes coupl\'es en cavit\'e",
	school="Universit\'e Pierre et Marie Curie"
}
