%Bibliographie de thèse de Jérémie.
%Classée par nom de premier auteur puis année de publication.

%Types d'item cf. Help

%N.B: dans ma version du fichier style pour la biblio (apalike-jeremie), seuls les items ARTICLE, BOOK, PHDTHESIS et MISC sont bien formatés. Eviter d'utiliser autre chose.


@ARTICLE{Adams90,
    author = "C. S. Adams and A. I. Ferguson",
    year = "1990",
    title = "Frequency doubling of a single frequency Ti:Al$_2$O$_3$ laser using an external enhancement cavity",
    journal = "Optics Comm.",
    volume = "79",
    pages = "219"
}


@ARTICLE{Adesso08,
    author = "G. Adesso and G. Chiribella",
    year = "2008",
    title = "Quantum benchmark for teleportation and storage of squeezed states",
    journal = "Phys. Rev. Lett.",
    volume = "100",
    pages = "170503"
}


@ARTICLE{Alcock84,
    author = "C. B. Alcock and V. P. Itkin and M. K. Horrigan",
    year = "1984",
    title = "Vapor pressure equations for the metallic elements: 298-2500 K",
    journal = "Canadian Metallurgical Quarterly",
    volume = "23",
    pages = "309"
}

@ARTICLE{Anthon87,
    author = "D. W. Anthon and C. D. Crowder",
    year = "1987",
    title = "Wavelength dependent phase matching in KTP",
    journal = "Appl. Opt.",
    volume = "27",
    pages = "2650"
}

@PHDTHESIS{AppelPhD,
	author = "J. Appel",
	title = "A light-atom quantum interface based on electromagnetically induced transparency",
	school = "University of Calgary",
	year = "2007"
}


@ARTICLE{Arecchi72,
    author = "F. T. Arecchi and E. Courtens and R. Gilmore and H. Thomas",
    year = "1972",
    title = "Atomic coherent states in quantum optics",
    journal = "Phys. Rev. A",
    volume = "6",
    pages = "2211"
}


@ARTICLE{Arimondo07,
    author = "C. F. McCormick and V. Boyer and E. Arimondo and P. D. Lett",
    year = "2007",
    title = "Strong relative intensity squeezing by 4-wave mixing in Rb vapor",
    journal = "Phys. Rev. Lett.",
    volume = "127",
    pages = "1918"
}





@ARTICLE{Armstrong62,
    author = "J. A. Armstrong and N. Bloembergen and J. Ducuing and P. S. Pershan",
    year = "1962",
    title = "Interactions between light waves in a nonlinear dielectric",
    journal = "Phys. Rev.",
    volume = "127",
    pages = "1918"
}


@ARTICLE{Askin66,
    author = "A. Ashkin and G. D. Boyd and J. M. Dziedzic and R. G. Smith and A. A. Ballman and J. J. Levinstein and K. Nassau",
    year = "1966",
    title = "Optically-induced refractive index inhomogeneities in LiNbO$_3$ and LiTaO$_3$",
    journal = "Appl. Phys. Lett.",
    volume = "9",
    pages = "72"
}


@BOOK{Bachor04,
 author="H.-A. Bachor and T. C. Ralph",
 title="A guide to experiments in quantum optics",
 publisher="Wiley-VCH",
 pages="",
 year="2004"
}

@ARTICLE{Baillard06,
    author = "X. Baillard and A. Gauguet and S. Bize and P. Lemonde and Ph. Laurent and A. Clairon and P. Rosenbusch",
    year = "2006",
    title = "Interference-filter-stabilized external-cavity diode lasers",
    journal = "Opt. Comm.",
    volume = "266",
    pages = "609"
}

@ARTICLE{Bagan09,
    author = "J. Calsamiglia and M. Aspachs and R. Mu\text{ñ}oz-Tapia and E. Bagan",
    year = "2009",
    title = "Phase-covariant quantum benchmarks",
    journal = "Phys. Rev. A",
    volume = "79",
    pages = "050301(R)"
}


@ARTICLE{Bennett84,
    author = "C. H. Bennett and G. Brassard",
    year = "1984",
    title = "Quantum cryptography: public key distribution and coin tossing",
    journal = "Proceedings of IEEE International conference on computers, systems, and signal processing",
    pages = "175"
}

@ARTICLE{Benson09,
    author = "D. Höckel and M. Scholtz and O. Benson",
    year = "2009",
    title = "A robust phase-locked diode laser system for EIT experiments in cesium",
    journal = "Appl. Phys. B",
    volume = "94",
    pages = "429"
}


@ARTICLE{Bernabeu80,
    author = "E. Bernabeu and J. M. Alvarez",
    year = "1980",
    title = "Shift and broadening of hyperfine components of the first doublet of cesium perturbed by foreign gases",
    journal = "Phys. Rev. A",
    volume = "22",
    pages = "2690"
}

@ARTICLE{Biaggio92,
    author = "I. Biaggio and P. Kerkoc and L.-S. Wu and P. Günter and B. Zysset",
    year = "1992",
    title = "Refractive indices of orthorhombic KNbO$_3$. II. Phase-matching configurations for nonlinear-optical interactions",
    journal = "J. Opt. Soc. Am. B",
    volume = "9",
    pages = "507"
}


@ARTICLE{Biraben79,
    author = "F. Biraben",
    year = "1979",
    title = "Efficacité des systèmes unidirectionnels utilisables dans les lasers en anneau",
    journal = "Optics Comm.",
    volume = "29",
    pages = "353"
}

@ARTICLE{Bouchiat66,
    author = "M. A. Bouchiat and J. Brossel",
    year = "1966",
    title = "Relaxation of optically pumped Rb atoms on paraffin-coated walls",
    journal = "Phys. Rev.",
    volume = "147",
    pages = "41"
}

@ARTICLE{Boulanger00,
    author = "B. Boulanger and J.-Ph. Fève and Y. Guillien",
    year = "2000",
    title = "Thermo-optical effect and saturation of nonlinear absorption induced by gray tracking in a 532-nm-pumped KTP optical parametric oscillator",
    journal = "Opt. Lett.",
    volume = "25",
    pages = "484"
}




@ARTICLE{Bourzeix93,
    author = "S. Bourzeix and M. D. Plimmer and F. Nez and L. Julien and F. Biraben",
    year = "1993",
    title = "Efficient frequency doubling of a continuous wave titanium:sapphire laser in an external enhancement cavity",
    journal = "Optics Comm.",
    volume = "99",
    pages = "89"
}


@PHDTHESIS{BourzeixPhD,
	author = "S. Bourzeix",
	title = "Laser continu à 205 nm: application à la mesure du déplacement de Lamb dans l'hydrogène",
	school = "Université Pierre et Marie Curie",
	year = "1995"
}

@ARTICLE{Bowen03,
    author = "W. P. Bowen and N. Treps and B. C. Buchler and R. Schnabel and T. C. Ralph and H.-A. Bachor and T. Symul and P. K. Lam",
    year = "2003",
    title = "Experimental investigation of continuous-variable quantum teleportation",
    journal = "Phys. Rev. A",
    volume = "67",
    pages = "032302"
}

@PHDTHESIS{BowenPhD,
	author="W. P. Bowen",
	year="2003",
	title="Experiments towards a quantum information network with squeezed light and entanglement",
	school="Australian National University"
}


@ARTICLE{Boyd68,
    author = "G. D. Boyd and D. A. Kleinman",
    year = "1968",
    title = "Parametric interaction of focused gaussian light beams",
    journal = "J. Appl. Phys.",
    volume = "39",
    pages = "3597"
}


@ARTICLE{Bramati97,
    author = "F. Marin and A. Bramati and V. Jost and E. Giacobino",
    year = "1997",
    title = "Demonstration of high sensitivity spectroscopy with squeezed semiconductor lasers",
    journal = "Opt. Comm.",
    volume = "140",
    pages = "146"
}

@ARTICLE{Braunstein98,
    author = "S. L. Braunstein and H. J. Kimble",
    year = "1998",
    title = "Teleportation of continuous quantum variables",
    journal = "Phys. Rev. Lett.",
    volume = "80",
    pages = "869"
}

@ARTICLE{Braunstein00,
    author = "S. L. Braunstein and C. A. Fuchs and H. J. Kimble",
    year = "2000",
    title = "Criteria for continuous-variable quantum teleportation",
    journal = "J. Mod. Opt.",
    volume = "47",
    pages = "267"
}

@ARTICLE{Breitenbach97,
    author = "G. Breitenbach and S. Schiller and J. Mlynek",
    year = "1997",
    title = "Measurement of the quantum states of squeezed light",
    journal = "Nature",
    volume = "387",
    pages = "471"
}

@ARTICLE{Briegel98,
    author = "H.-J. Briegel and W. Dür and J. I. Cirac and P. Zoller",
    year = "1998",
    title = "Quantum repeaters: the role of imperfect local operations in quantum communication",
    journal = "Phys. Rev. Lett.",
    volume = "81",
    pages = "5932"
}

@ARTICLE{Burks09,
    author = "S. Burks and J. Ortalo and A. Chiummo and X. Jia and F. Villa and A. Bramati and J. Laurat and E. Giacobino",
    year = "2009",
    title = "Vacuum squeezed light for atomic memories at the $D_2$ cesium line",
    journal = "Opt. Express",
    volume = "17",
    pages = "3777"
}


@BOOK{Cagnac96,
 author="B. Cagnac and J.-P. Faroux",
 title="Lasers. Interaction lumière-atomes",
 publisher="EDP Sciences",
 pages="",
 year="2002"
}


@ARTICLE{Chaneliere05,
    author = "T. Chanelière and D. N. Matsukevich",
    year = "1997",
    title = "Measurement of the quantum states of squeezed light",
    journal = "Nature",
    volume = "387",
    pages = "471"
}


@BOOK{Cohen731,
 author="C. Cohen-Tannoudji and B. Diu and F. Laloë",
 title="Mécanique quantique, tome 1",
 publisher="Editions Hermann",
 pages="",
 year="1973"
}


@BOOK{Cohen732,
 author="C. Cohen-Tannoudji and B. Diu and F. Laloë",
 title="Mécanique quantique, tome 2",
 publisher="Editions Hermann",
 pages="",
 year="1973"
}


@BOOK{Cohen96,
 author="C. Cohen-Tannoudji and J. Dupont-Roc and G. Grynberg",
 title="Processus d'interaction entre photons et atomes",
 publisher="EDP Sciences",
 pages="",
 year="1996"
}


@BOOK{Cohen87,
 author="C. Cohen-Tannoudji and J. Dupont-Roc and G. Grynberg",
 title="Photons et atomes. Introduction à l'électrodynamique quantique",
 publisher="EDP Sciences",
 pages="",
 year="1987"
}



@PHDTHESIS{CoudreauPhD,
	author = "T. Coudreau",
	title = "Réduction du bruit et tomographie quantique d'un faisceau laser interagissant avec des atomes froids: théorie et expériences",
	school = "Université Pierre et Marie Curie",
	year = "1997"
}



@PHDTHESIS{CviklinskiPhD,
	author="J. Cviklinski",
	year="2008",
	title="Interface quantique atomes-champs en régime de variables continues",
	school="Université Pierre et Marie Curie"
}


@ARTICLE{Cviklinski07a,
	author = "J. Cviklinski and A. Dantan and J. Ortalo and M. Pinard",
	year = "2007",
	journal = "Phys. Rev. A",
	volume = "76",
	pages = "033830",
  title = "Conditional squeezing of an atomic alignment"
}


@ARTICLE{Cviklinski07b,
	author = "J. Cviklinski and J. Ortalo and J. Laurat and A. Bramati and M. Pinard and E. Giacobino",
	year = "2007",
	journal = "Phys. Rev. Lett.",
	volume = "101",
	pages = "133601",
	title = "Reversible quantum interface for tunable single-sideband modulation"
}




@ARTICLE{Dantan03,
    author = "A. Dantan and M. Pinard and V. Josse and N. Nayak and P. R. Berman",
    year = "2003",
    title = "Atomic spin squeezing in a $\Lambda$ system",
    journal = "Phys. Rev. A",
    volume = "67",
    pages = "045801"
}


@ARTICLE{Dantan04,
    author = "A. Dantan and M. Pinard",
    year = "2004",
    title = "Quantum-state transfer between fields and atoms in electromagnetically induced transparency",
    journal = "Phys. Rev. A",
    volume = "69",
    pages = "043810"
}

@ARTICLE{Dantan05,
    author = "A. Dantan and A. Bramati and M. Pinard",
    year = "2005",
    title = "Atomic quantum memory: cavity versus single-pass schemes",
    journal = "Phys. Rev. A",
    volume = "71",
    pages = "043801"
}


@PHDTHESIS{DantanPhD,
	author = "A. Dantan",
	title = "Génération, stockage et manipulation d'états non classiques pour des ensembles atomiques et des champs électromagnétiques",
	school = "Université Pierre et Marie Curie",
	year = "2005"
}

@ARTICLE{Dantan06,
    author = "A. Dantan and J. Cviklinski and M. Pinard and Ph. Grangier",
    year = "2006",
    title = "Dynamics of a pulsed continuous-variable quantum memory",
    journal = "Phys. Rev. A",
    volume = "73",
    pages = "032338"
}


@PHDTHESIS{DebuisschertPhD,
	author="T. Debuisschert",
	year="1990",
	title="Réduction des fluctuations quantiques de la lumière à l'aide d'un oscillateur paramétrique optique",
	school="Université Pierre et Marie Curie"
}

@ARTICLE{Deutsch85,
    author = "D. Deutsch",
    year = "1985",
    title = "Quantum theory, the Church-Turing principle and the universal quantum computer",
    journal = "Proceedings of the royal society of London A",
    volume = "400",
    pages = "97"
}


@ARTICLE{Dieks82,
    author = "D. Dieks",
    year = "1982",
    title = "Communication by EPR devices",
    journal = "Phys. Lett.",
    volume = "92A",
    pages = "271"
}


@ARTICLE{Duan00,
    author = "L.-M. Duan and G. Giedke and J. I. Cirac and P. Zoller",
    year = "2000",
    title = "Inseparability criterion for continuous variable systems",
    journal = "Phys. Rev. Lett.",
    volume = "84",
    pages = "2722"
}


@ARTICLE{Duan01,
    author = "L.-M. Duan and M. D. Lukin and J. I. Cirac and P. Zoller",
    year = "2001",
    title = "Long-distance quantum communication with atomic ensembles and linear optics",
    journal = "Nature",
    volume = "414",
    pages = "413"
}


@ARTICLE{Einstein35,
	author = "A. Einstein and B. Podolsky and N. Rosen",
	year = "1935",
	journal = "Phys. Rev.",
	volume = "41",
	pages = "777",
	title = "Can quantum-mechanical description of physical reality be considered complete ?"
}


@ARTICLE{Ekert91,
	author = "A. K. Ekert",
	year = "1991",
	journal = "Phys. Rev. Lett.",
	volume = "67",
	pages = "661",
	title = "Quantum cryptography based on Bell's theorem"
}


@ARTICLE{Fabre89,
	author = "C. Fabre and E. Giacobino and A. Heidmann and S. Reynaud",
	year = "1989",
	journal = "J. Phys.",
	volume = "50",
	pages = "1209",
	title = "Noise characteristics of a non-degenerate optical parametric oscillator - Application to quantum noise reduction"
}



@BOOK{Fabre90,
 author="C. Fabre",
 title="Quantum noise in optical systems",
 publisher="Les Houches, Session LIII, 1990, North-Holland",
 pages="",
 year="1990"
}

@BOOK{Fabre95,
 author="C. Fabre",
 title="Quantum fluctuations in light beams",
 publisher="Les Houches, Session LXIII, 1995, Elsevier Science B. V.",
 pages="",
 year="1997"
}


@MISC{Fabre07,
 author="C. Fabre",
 title="Quantum optics, from one mode to many modes",
 howpublished="notes de cours dispensés pendant l'Ecole Prédoctorale des Houches session XXIV, disponibles à l'adresse: http://hal-sfo.ccsd.cnrs.fr/houches-opt-quan/fr/",
 year="2007"
}



@ARTICLE{Fleischhauer95,
    author = "M. Fleischhauer and T. Richter",
    year = "1995",
    title = "Pulse matching and correlation of phase fluctuations in $\Lambda$ systems",
    journal = "Phys. Rev. A",
    volume = "51",
    pages = "2430"
}



@ARTICLE{Fleischhauer00,
    author = "M. Fleischhauer and M. D. Lukin",
    year = "2000",
    title = "Dark-state polaritons in electromagnetically induced transparency",
    journal = "Phys. Rev. Lett.",
    volume = "84",
    pages = "5094"
}

@ARTICLE{Fleischhauer02,
    author = "M. Fleischhauer and M. D. Lukin",
    year = "2002",
    title = "Quantum memory for photons: dark-state polaritons",
    journal = "Phys. Rev. A",
    volume = "65",
    pages = "022314"
}


@ARTICLE{Furusawa98,
    author = "A. Furusawa and J. L. S\text{\o}rensen and S. L. Braunstein and C. A. Fuchs and H. J. Kimble and E. S. Polzik",
    year = "1998",
    title = "Unconditional quantum teleportation",
    journal = "Science",
    volume = "282",
    pages = "706"
}


@ARTICLE{Furusawa06,
    author = "S. Suzuki and H. Yonezawa and F. Kannari and M. Sasaki and A. Furusawa",
    year = "2006",
    title = "7 dB quadrature squeezing at 860 nm with periodically-poled KTiOPO$_4$",
    journal = "Appl. Phys. Lett.",
    volume = "89",
    pages = "061116"
}



@ARTICLE{Furusawa07,
    author = "Y. Takeno and M. Yukawa and H. Yonezawa and A. Furusawa",
    year = "2007",
    title = "Observation of -9 dB quadrature squeezing with improvement of phase stability in homodyne measurement",
    journal = "Opt. Express",
    volume = "15",
    pages = "4321"
}

@ARTICLE{Furusawa77,
    author = "K. Wakui and H. Takahashi and A. Furusawa and M. Sasaki",
    year = "2007",
    title = "Photon subtracted squeezed states generated with periodically poled KTiOPO$_4$",
    journal = "Opt. Express",
    volume = "15",
    pages = "3568"
}

@ARTICLE{Gao05,
    author = "X.-G. Wei and J.-H. Wu and G.-X. Sun and Z. Shao and Z.-H. Kang and Y. Jiang and J.-Y. Gao",
    year = "2005",
    title = "Splitting of an electromagnetically induced transnprency window of rubidium atoms in a static magnetic field",
    journal = "Phys. Rev. A",
    volume = "72",
    pages = "023806"
}

@ARTICLE{Geremia05,
    author = "J. M. Geremia and J. K. Stockton and H. Mabuchi",
    year = "2005",
    title = "Suppression of spin projection noise in a broadband atomic magnetometry",
    journal = "Phys. Rev. Lett.",
    volume = "94",
    pages = "203002"
}


@ARTICLE{Giacobino87,
    author = "A. Heidmann and R. J. Horowicz and S. Reynaud and E. Giacobino and C. Fabre and G. Camy",
    year = "1987",
    title = "Observation of quantum noise reduction on twin laser beams",
    journal = "Phys. Rev. Lett.",
    volume = "59",
    pages = "2555"
}


@ARTICLE{Giovannetti03,
    author = "V. Giovannetti and S. Mancini and D. Vitali and P. Tombesi",
    year = "2003",
    title = "Characterizing the entanglement of bipartite quantum systems",
    journal = "Phys. Rev. A",
    volume = "67",
    pages = "022320"
}


@ARTICLE{Glauber63,
    author = "R. J. Glauber",
    year = "1963",
    title = "Coherent and incoherent states of the radiation field",
    journal = "Phys. Rev.",
    volume = "131",
    pages = "2766"
}

@ARTICLE{Glauberbis63,
    author = "R. J. Glauber",
    year = "1963",
    title = "The quantum theory of optical coherence",
    journal = "Phys. Rev.",
    volume = "130",
    pages = "2529"
}


@ARTICLE{Glauber69,
    author = "K. E. Cahill and R. J. Glauber",
    year = "1969",
    title = "Density operators and quasiprobability distributions",
    journal = "Phys. Rev.",
    volume = "177",
    pages = "1882"
}


@ARTICLE{Glockl06,
    author = "O. Glöckl and U. L. Andersen and G. Leuchs",
    year = "2006",
    title = "Continuous variable entanglement between frequency modes",
    journal = "Fortschr. Phys.",
    volume = "54",
    pages = "846"
}


@ARTICLE{Gorshkov07,
    author = "A. V. Gorshkov and A. André and M. D. Lukin and A. S. S\text{\o}rensen",
    year = "2007",
    title = "Photon storage in $\Lambda$-type optically dense atomic media. II. Free-space model",
    journal = "Phys. Rev. A",
    volume = "76",
    pages = "033805"
}


@ARTICLE{Goudarzi03,
    author = "F. Torabi-Goudarzi and E. Riis",
    year = "2003",
    title = "Efficient cw high-power frequency doubling in periodically poled KTP",
    journal = "Opt. Comm.",
    volume = "227",
    pages = "389"
}

@ARTICLE{Grangier98,
    author = "Ph. Grangier and J. A. Levenson and J.-Ph. Poizat",
    year = "1998",
    title = "Quantum non-demolition measurements in optics",
    journal = "Nature",
    volume = "396",
    pages = "537"
}

@ARTICLE{Grangier03,
    author = "F. Grosshans and G. V. Assche and J. Wenger and R. Brouri and N. J. Cerf and Ph. Grangier",
    year = "2003",
    title = "Quantum key distribution using gaussian-modulated coherent states",
    journal = "Nature",
    volume = "421",
    pages = "238"
}

@ARTICLE{Grover96,
    author = "L. K. Grover",
    year = "1996",
    title = "A fast quantum mechanical algorithm for database search",
    journal = "Proceedings, 28$^{th}$ annual ACM symposium on the theory of computing",
    pages = "212"
}

@ARTICLE{Hammerer05,
    author = "K. Hammerer and M. M. Wolf and E. S. Polzik and J. I. Cirac",
    year = "2005",
    title = "Quantum benchmark for storage and transmission of coherent states",
    journal = "Phys. Rev. Lett.",
    volume = "94",
    pages = "150503"
}

@ARTICLE{Hansson00,
    author = "G. Hansson and H. Karlsson and S. Wang and F. Laurell",
    year = "2000",
    title = "Transmission measurements in KTP and isomorphic compounds",
    journal = "Appl. Opt.",
    volume = "39",
    pages = "5058"
}

@PHDTHESIS{HadjarPhD,
	author="Y. Hadjar",
	year="1998",
	title="Etude du couplage optomécanique dans une cavité de grande finesse. Observation du mouvement Brownien d'un miroir",
	school="Université Pierre et Marie Curie"
}

@ARTICLE{Hage07,
    author = "B. Hage and A. Samblowski and R. Schnabel",
    year = "2007",
    title = "Towards Einstein-Podolsky-Rosen quantum channel multiplexing",
    journal = "arXiv:0710.3086v2",
}

@ARTICLE{Harris97,
    author = "S. E. Harris",
    year = "1997",
    title = "Electromagnetically Induced Transparency",
    journal = "Phys. Today",
    volume = "50",
    pages = "36"
}

@ARTICLE{Hau99,
    author = "L. V. Hau and S. E. Harris and Z. Dutton and C. H. Behroozi",
    year = "1999",
    title = "Light speed reduction to 17 metres per second in an ultracold atomic gas",
    journal = "Nature",
    volume = "397",
    pages = "594"
}


@ARTICLE{Hau01,
    author = "C. Liu and Z. Dutton and C. H. Behroozi and L. V. Hau",
    year = "2001",
    title = "Observation of coherent optical information storage in an atomic medium using halted light pulses",
    journal = "Nature",
    volume = "409",
    pages = "490"
}



@ARTICLE{Hetet06,
    author = "M. T. L. Hsu and G. Hétet and O. Glöckl and J. J. Longdell and B. C. Buchler and H.-A. Bachor and P. K. Lam",
    year = "2006",
    title = "Quantum study of information delay in electromagnetically induced transparency",
    journal = "Phys. Rev. Lett.",
    volume = "97",
    pages = "183601"
}

@ARTICLE{Hetet07,
    author = "G. Hétet and O. Glöckl and K. A. Pilypas and C. C. Harb and B. C. Buchler and H.-A. Bachor and P. K. Lam",
    year = "2007",
    title = "Squeezed light for bandwidth-limited atom optics experiments at the rubidium D1 line",
    journal = "J. Phys. B",
    volume = "40",
    pages = "221"
}



@ARTICLE{Hetet08,
    author = "G. Hétet and B. C. Buchler and O. Glöckl and M. T. L. Hsu and A. M. Akulshin and H.-A. Bachor and P. K. Lam",
    year = "2008",
    title = "Delay of squeezing and entanglement using electromagnetically induced transparency in a vapour cell",
    journal = "Opt. Express",
    volume = "16",
    pages = "7369"
}

@ARTICLE{Hetet08b,
    author = "G. Hétet and A. Peng and M. T. Johnsson and J. J. Hope and P. K. Lam",
    year = "2008",
    title = "Characterization of electromagnetically-induced-transparency-based continuous-variable quantum memories",
    journal = "Phys. Rev. A",
    volume = "77",
    pages = "012323"
}

@PHDTHESIS{HetetPhD,
	author="G. Hétet",
	year="2008",
	title="Quantum memories for continuous variable states of light in atomic ensembles",
	school="Australian National University"
}

@PHDTHESIS{HilicoPhD,
	author="L. Hilico",
	year="1992",
	title="Réduction du bruit quantique de la lumière par une cavité bistable",
	school="Université Pierre et Marie Curie"
}

@ARTICLE{Hillery84,
    author = "M. Hillery and R. F. O'Connell and M. O. Scully and E. P. Wigner",
    year = "1984",
    title = "Distribution functions in physics: fundamentals",
    journal = "Phys. Rep.",
    volume = "106",
    pages = "121"
}


@ARTICLE{Hradil97,
    author = "Z. Hradil",
    year = "1997",
    title = "Quantum-state estimation",
    journal = "Phys. Rev. A",
    volume = "55",
    pages = "R1561"
}


@ARTICLE{Hradil01,
    author = "J. Rehácek and Z. Hradil and M. Jezek",
    year = "2001",
    title = "Iterative algorithm for reconstruction of entangled states",
    journal = "Phys. Rev. A",
    volume = "63",
    pages = "040303(R)"
}


@ARTICLE{Hudson74,
    author = "R. L. Hudson",
    year = "1974",
    title = "When is the Wigner quasi-probability density non-negative ?",
    journal = "Rep. Math. Phys.",
    volume = "6",
    pages = "249"
}

@ARTICLE{Huntington02,
    author = "E. H. Huntington and T. C. Ralph",
    year = "2002",
    title = "Separating the quantum sidebands of an optical field",
    journal = "J. Opt. B",
    volume = "4",
    pages = "123"
}


@ARTICLE{Huntington05,
    author = "E. H. Huntington and G. N. Milford and C. Robilliard and T. C. Ralph and O. Glöckl and U. L. Andersen and S. Lorenz and G. Leuchs",
    year = "2005",
    title = "Demonstration of the spatial separation of the entangled quantum sidebands of an optical field",
    journal = "Phys. Rev. A",
    volume = "71",
    pages = "041802(R)"
}


@ARTICLE{Javan02,
    author = "A. Javan and O. Kocharovskaya and H. Lee and M. O. Scully",
    year = "2002",
    title = "Narrowing of electromagnetically induced transparency resonance in a Doppler-broadened medium",
    journal = "Phys. Rev. A",
    volume = "66",
    pages = "013805"
}



@MISC{Joffre09,
 author="M. Joffre",
 title="Optique non-linéaire en régimes continu et femtoseconde",
 howpublished="notes de cours de Master 2 disponibles à l'adresse suivante: http://www.enseigne\-ment.polytechnique.fr/profs/physique/Manuel.Joffre/onl/cours.pdf",
 year="2009"
}


@PHDTHESIS{JossePhD,
	author="V. Josse",
	year="2003",
	title="Réduction du bruit de polarisation et intrication quantique en variables continues avec un nuage d'atomes froids",
	school="Université Pierre et Marie Curie"
}

@ARTICLE{Julsgaard04,
    author = "B. Julsgaard and J. Sherson and J. L. S\text{\o}rensen and E. S. Polzik",
    year = "2004",
    title = "Characterizing the spin state of an atomic ensemble using the magneto-optical resonance method",
    journal = "J. Opt. B",
    volume = "6",
    pages = "5"
}

@ARTICLE{Julsgaard01,
    author = "B. Julsgaard and A. Kozhekin and E. S. Polzik",
    year = "2001",
    title = "Experimental long-lived entanglement of two macroscopic objects",
    journal = "Nature",
    volume = "413",
    pages = "400"
}


@PHDTHESIS{JulsgaardPhD,
	author = "B. Julsgaard",
	title = "Entanglement and quantum interactions with ma\-crosco\-pic gas samples",
	school = "University of Aarhus",
	year = "2003"
}

@ARTICLE{Jurdik02,
    author = "E. Jurdik and J. Hohlfeld and A. F. \text{van Etteger} and A. J. Toonen and W. L. Meerts and H. \text{van Kempen} and Th. Rasing",
    year = "2002",
    title = "Performance optimization of an external enhancement resonator for optical second-harmonic generation",
    journal = "J. Opt. Soc. Am. B",
    volume = "19",
    pages = "1660"
}


@ARTICLE{Kato02,
    author = "K. Kato and E. Takaoka",
    year = "1992",
    title = "Sellmeier and thermo-optic dispersion formulas for KTP",
    journal = "Appl. Opt.",
    volume = "41",
    pages = "5040"
}



@PHDTHESIS{KellerPhD,
	author="G. Keller",
	year="2008",
	title="Génération et caractérisation d'états intriqués en variables continues",
	school="Université Pierre et Marie Curie"
}


@ARTICLE{Kimble86,
    author = "L.-A. Wu and H. J. Kimble and J. L. Hall and H. Wu",
    year = "1986",
    title = "Generation of squeezed states by parametric down conversion",
    journal = "Phys. Rev. Lett.",
    volume = "57",
    pages = "2520"
}


@ARTICLE{Kimble87,
    author = "L.-A. Wu and M. Xiao and H. J. Kimble",
    year = "1987",
    title = "Squeezed states of light from an optical parametric oscillator",
    journal = "J. Opt. Soc. Am. B",
    volume = "4",
    pages = "1465"
}



@ARTICLE{Kimble92,
    author = "E. S. Polzik and J. Carri and H. J. Kimble",
    year = "1992",
    title = "Atomic spectroscopy with squeezed light for sensitivity beyond the vacuum-state limit",
    journal = "Appl. Phys. B",
    volume = "55",
    pages = "279"
}

@ARTICLE{Kimble92b,
    author = "Z. Y. Ou and S. F. Pereira and H. J. Kimble and K. C. Peng",
    year = "1992",
    title = "Realization of the Einstein-Podolsky-Rosen paradox for continous variables",
    journal = "Phys. Rev. Lett.",
    volume = "68",
    pages = "3663"
}

@ARTICLE{Kimble05,
    author = "C. W. Chou and H. de Riedmatten and D. Felinto and S. V. Polyakov and S. J. van Enk and H. J. Kimble",
    year = "2005",
    title = "Measurement-induced entanglement for excitation stored in remote atomic ensembles",
    journal = "Nature",
    volume = "438",
    pages = "828"
}


@ARTICLE{Kimble08,
    author = "H. J. Kimble",
    year = "2008",
    title = "The quantum internet",
    journal = "Nature",
    volume = "453",
    pages = "1023"
}


@ARTICLE{Kitagawa93,
    author = "M. Kitagawa and M. Ueda",
    year = "1993",
    title = "Squeezed spin states",
    journal = "Phys. Rev. A",
    volume = "47",
    pages = "5138"
}


@ARTICLE{Kogelnik66,
    author = "H. Kogelnik and T. Li",
    year = "1966",
    title = "Laser beams and resonators",
    journal = "Appl. Opt.",
    volume = "5",
    pages = "1550"
}


@ARTICLE{Kozuma06,
    author = "T. Tanimura and D. Akamatsu and Y. Yokoi and A. Furusawa and M. Kozuma",
    year = "2006",
    title = "Generation of squeezed vacuum resonant on a rubidium $D_1$ line with pe\-riodi\-cally poled KTiOPO$_4$",
    journal = "Opt. Lett.",
    volume = "31",
    pages = "2344"
}


@ARTICLE{Kozuma08,
    author = "K. Honda and D. Akamatsu and M. Arikawa and Y. Yokoi and K. Akiba and S. Nagatsuka and T. Tanimura and A. Furusawa and M. Kozuma",
    year = "2008",
    title = "Storage and retrieval of a squeezed vacuum",
    journal = "Phys. Rev. Lett.",
    volume = "100",
    pages = "093601"
}

@ARTICLE{Kozuma09,
    author = "M. Arikawa and K. Honda and D. Akamatsu and S. Nagatsuka and A. Furusawa and M. Kozuma",
    year = "2009",
    title = "Quantum memory of a squeezed vacuum for arbitrary frequency sidebands",
    journal = "arXiv:0905.2816v1 [quant-ph]"
}

@ARTICLE{Kuzmich05,
    author = "T. Chanelière and D. N. Matsukevich and S. D. Jenkins and S.-Y. Lan and T. A. B. Kennedy and A. Kuzmich",
    year = "2005",
    title = "Storage and retrieval of single photons transmitted between remote quantum memories",
    journal = "Nature",
    volume = "438",
    pages = "833"
}

@ARTICLE{Lam98,
    author = "T. C. Ralph and P. K. Lam",
    year = "1998",
    title = "Teleportation with bright squeezed light",
    journal = "Phys. Rev. Lett.",
    volume = "81",
    pages = "5668"
}


@ARTICLE{Lam99,
    author = "P. K. Lam and T. C. Ralph and B. C. Buchler and D. E. McClelland and H.-A. Bachor and J. Gao",
    year = "1999",
    title = "Optimization and transfer of vacuum squeezing from an optical parametric oscillator",
    journal = "J. Opt. B: Quantum Semiclass. Opt.",
    volume = "1",
    pages = "469"
}




@PHDTHESIS{LamPhD,
	author="P. K. Lam",
	year="1998",
	title="Applications of quantum electro-optic control and squeezed light",
	school="Australian National University"
}


@PHDTHESIS{LambrechtPhD,
	author="A. Lambrecht",
	year="1995",
	title="Atomes froids et fluctuations quantiques",
	school="Université Pierre et Marie Curie"
}



@ARTICLE{Lambrecht96,
   author = "A. Lambrecht and T. Coudreau and A. M. Steinberg and E. Giacobino",
   year = "1996",
   journal = "Europhys. Lett.",
   volume = "36",
   pages = "93",
   title = "Squeezing with cold atoms"
}



@PHDTHESIS{LauratPhD,
	author="J. Laurat",
	year="2004",
	title="Etats non-classiques et intrication en variables continues à l'aide d'un oscillateur paramétrique optique",
	school="Université Pierre et Marie Curie"
}


@ARTICLE{Leuchs05,
   author = "E. H. Huntington and G. N. Milford and C. Robilliard and T. C. Ralph and O. Glöckl and U. L. Andersen and S. Lorenz and G. Leuchs",
   year = "2005",
   journal = "Phys. Rev. A",
   volume = "71",
   pages = "041802 (R)",
   title = "Demonstration of the spatial separation of the entangled quantum sidebands of an optical field"
}

@ARTICLE{Lukin00,
    author = "M. D. Lukin and S. F. Yelin and M. Fleischhauer",
    year = "2000",
    title = "Entanglement of atomic ensembles by trapping correlated photons states",
    journal = "Phys. Rev. Lett.",
    volume = "84",
    pages = "4232"
}

@ARTICLE{Lukin01,
    author = "D. F. Phillips and A. Fleischhauer and A. Mair and R. L. Walsworth and M. D. Lukin",
    year = "2001",
    title = "Storage of light in atomic vapor",
    journal = "Phys. Rev. Lett.",
    volume = "86",
    pages = "783"
}

@ARTICLE{Lukin05,
    author = "M. D. Eisaman and A. André and F. Massou and M. Fleischhauer and A. S. Zibrov and M. D. Lukin",
    year = "2005",
    title = "Electromagnetically induced transparency with tunable single-photon pulses",
    journal = "Nature",
    volume = "438",
    pages = "837"
}

@ARTICLE{Lvovsky04,
    author = "A. I. Lvovsky",
    year = "2004",
    title = "Iterative maximum-likelihood reconstruction in quantum homodyne tomography",
    journal = "J. Opt. B",
    volume = "6",
    pages = "S556"
}


@ARTICLE{Lvovsky08,
    author = "J. Appel and E. Figueroa and D. Korystov and M. Lobino and A. I. Lvovsky",
    year = "2008",
    title = "Quantum memory for squeezed light",
    journal = "Phys. Rev. Lett.",
    volume = "100",
    pages = "093602"
}


@ARTICLE{Lvovsky07,
    author = "J. Rehácek and Z. Hradil and E. Knill and A. I. Lvovsky",
    year = "2007",
    title = "Diluted maximum-likelihood algorithm for quantum tomography",
    journal = "Phys. Rev. A",
    volume = "75",
    pages = "042108"
}

@ARTICLE{Lvovsky07b,
    author = "J. Appel and D. Hoffman and E. Figueroa and A. I. Lvovsky",
    year = "2007",
    title = "Electronic noise in optical homodyne tomography",
    journal = "Phys. Rev. A",
    volume = "75",
    pages = "035802"
}

@ARTICLE{Lvovsky09,
    author = "A. I. Lvovsky and M. G. Raymer",
    year = "2009",
    title = "Continuous-variable optical quantum state tomography",
    journal = "arXiv:quant-ph/0511044v2",
}


@ARTICLE{Mabuchi94,
    author = "H. Mabuchi and E. S. Polzik and H. J. Kimble",
    year = "1994",
    title = "Blue-light-induced infrared absorption in KNbO$_3$",
    journal = "J. Opt. Soc. Am. B",
    volume = "11",
    pages = "2023"
}

@ARTICLE{Mair02,
    author = "A. Mair and J. Hager and D. F. Phillips and R. L. Walsworth and M. D. Lukin",
    year = "2002",
    title = "Phase coherence and control of stored photonic information",
    journal = "Phys. Rev. A",
    volume = "65",
    pages = "031802(R)"
}


@ARTICLE{Mancini02,
    author = "S. Mancini and V. Giovannetti and D. Vitali and P. Tombesi",
    year = "2002",
    title = "Entangling macroscopic oscillators exploiting radiation pressure",
    journal = "Phys. Rev. Lett.",
    volume = "88",
    pages = "120401"
}


@ARTICLE{Marian92,
    author = "P. Marian",
    year = "1992",
    title = "Higher order squeezing and photon statistics for squeezed thermal states",
    journal = "Phys. Rev. A",
    volume = "45",
    pages = "2044"
}



@ARTICLE{Meyn2001,
	author="J.-P. Meyn and C. Laue and R. Knappe and R. Wallenstein and M. M. Fejer",
	year="2004",
	title="Fabrication of periodically poled lithiumtantalate for UV generation with diode lasers",
	journal="Appl. Phys. B",
	volume = "73",
  pages = "111"
}


@BOOK{Nesmeyanov63,
 author="A. N. Nesmeyanov",
 title="Vapor pressure of the chemical elements",
 publisher="Elsevier, Amsterdam",
 pages="",
 year="1963"
}

@BOOK{Nielsen00,
 author="M. A. Nielsen and I. L. Chuang",
 title="Quantum computation and quantum information",
 publisher="Cambridge University Press",
 year="2000"
}


@MISC{Ortalo08,
 author="J. Ortalo",
 title="Réalisation d'une mémoire quantique pour la lumière dans un ensemble atomique en régime de variables continues",
 howpublished="transparents présentés lors d'un séminaire, LKB, Paris",
 year="2008"
}


@PHDTHESIS{OurjoumtsevPhD,
	author="A. Ourjoumtsev",
	year="2007",
	title="Etude théorique et expérimentale de superpositions quantiques cohérentes et d'états intriqués non-gaussiens de la lumière",
	school="Université Paris-Sud XI"
}


@ARTICLE{Ourjoumtsev06,
    author = "A. Ourjoumtsev and R. Tualle-Brouri and J. Laurat and Ph. Grangier",
    year = "2006",
    title = "Generating optical Schrödinger kittens for quantum information processing",
    journal = "Science",
    volume = "312",
    pages = "83"
}


@ARTICLE{Pack04,
    author = "M. V. Pack and D. J. Armstrong and A. V. Smith",
    year = "2004",
    title = "Measurement of the $\chi^{(2)}$ tensors of KTiOPO$_4$, KTiOAsO$_4$, RbTiOPO$_4$ and RbTiOAsO$_4$ crystals",
    journal = "Appl. Opt.",
    volume = "43",
    pages = "3319"
}


@ARTICLE{PDH83,
    author = "R. W. P. Drever and J. L. Hall and F. V. Kowalski and J. Hough and G. M. Ford and A. J. Munley and H. Ward",
    year = "1983",
    title = "Laser phase and frequency stabilization using an optical resonator",
    journal = "Appl. Phys. B",
    volume = "31",
    pages = "97"
}


@ARTICLE{Polzik91,
    author = "E. S. Polzik and H. J. Kimble",
    year = "1991",
    title = "Frequency doubling with KNbO$_3$ in an external cavity",
    journal = "Opt. Lett.",
    volume = "16",
    pages = "1400"
}

@ARTICLE{Polzik92,
    author = "E. S. Polzik and J. Carri and H. J. Kimble",
    year = "1992",
    title = "Spectroscopy with squeezed light",
    journal = "Phys. Rev. Lett.",
    volume = "68",
    pages = "3020"
}


@ARTICLE{Polzik04,
    author = "B. Julsgaard and J. Sherson and J. I. Cirac and J. Fiurasek and E. S. Polzik",
    year = "2004",
    title = "Experimental demonstration of quantum memory for light",
    journal = "Nature",
    volume = "432",
    pages = "482"
}


@ARTICLE{Polzik06,
    author = "J. S. Neergaard-Nielsen and B. Melholt Nielsen and C. Hettich and K. M\text{\o}lmer and E. S. Polzik",
    year = "2006",
    title = "Generation of a superposition of odd photon number states for quantum information networks",
    journal = "Phys. Rev. Lett.",
    volume = "97",
    pages = "083604"
}


@ARTICLE{Raymer81,
	author = "M. G. Raymer and J. Mostowski",
	year = "1981",
	journal = "Phys. Rev. A",
	volume = "24",
	pages = "1980",
	title = "Stimulated Raman scattering: unified treatment of spontaneouos initiation and spatial propagation"
}


@ARTICLE{Reid88,
	author = "M. Reid and P. Drummond",
	year = "1988",
	journal = "Phys. Rev. Lett.",
	volume = "60",
	pages = "2731",
	title = "Quantum correlations of phase in nondegenerate parametric oscillation"
}


@ARTICLE{Reid89,
	author = "M. Reid",
	year = "1989",
	journal = "Phys. Rev. A",
	volume = "40",
	pages = "913",
	title = "Demonstration of the Einstein-Podolsky-Rosen paradox using non-degenerate parametric amplification"
}

@ARTICLE{Reynaud89,
    author = "S. Reynaud and A. Heidmann",
    year = "1989",
    title = "A semiclassical linear input output transformation for quantum fluctuations",
    journal = "Opt. Comm.",
    volume = "71",
    pages = "209"
}

@ARTICLE{Roch97,
    author = "J.-F. Roch and K. Vigneron and Ph. Grelu and A. Sinatra and J.-Ph. Poizat and Ph. Grangier",
    year = "1997",
    title = "Quantum nondemolition measurements using cold trapped atoms",
    journal = "Phys. Rev. Lett.",
    volume = "78",
    pages = "634"
}


@ARTICLE{Shaddock99,
    author = "D. A. Shaddock and M. B. Gray and D. E. McClelland",
    year = "1999",
    title = "Frequency locking a laser to an optical cavity by use of spatial mode interference",
    journal = "Opt. Lett.",
    volume = "24",
    pages = "1499"
}


@ARTICLE{Schiller95,
    author = "S. Schiller and G. Breitenbach and S. F. Pereira and R. Paschotta and A. G. White and J. Mlynek",
    year = "1995",
    title = "Generation of continuous-wave bright-squeezed light",
    journal = "Proc. SPIE",
    volume = "2378",
    pages = "91"
}



@ARTICLE{Schiller96,
    author = "S. Schiller and G. Breitenbach and S. F. Pereira and T. Müller and J. Mlynek",
    year = "1996",
    title = "Quantum statistics of the squeezed vacuum by measurement of the density matrix in the number state representation",
    journal = "Phys. Rev. Lett.",
    volume = "77",
    pages = "2933"
}



@ARTICLE{Schiller98,
    author = "K. Schneider and M. Lang and J. Mlynek and S. Schiller",
    year = "1998",
    title = "Generation of strongly squeezed continuous-wave light at 1064 nm",
    journal = "Opt. Express",
    volume = "2",
    pages = "59"
}


@ARTICLE{Schnabel08,
    author = "H. Vahlbruch and M. Mehmet and S. Chelkowshi and B. Hage and A. Franzen and N. Lastzka and S. Gossler and K. Danzmann and R. Schnabel",
    year = "2008",
    title = "Observation of squeezed light with 10-dB quantum-noise reduction",
    journal = "Phys. Rev. Lett.",
    volume = "100",
    pages = "033602"
}


@BOOK{Scully97,
 author="M. O. Scully and M. S. Zubairy",
 title="Quantum optics",
 publisher="Cambridge University Press",
 pages="",
 year="1997"
}


@Comment @ARTICLE{Serafini07,
@Comment     author = "A. Serafini and O. C. O. Dahlsten and M. B. Plenio",
@Comment     year = "2007",
@Comment     title = "Teleportation fidelities of squeezed states from thermodynamical state space measures",
@Comment     journal = "Phys. Rev. Lett.",
@Comment     volume = "98",
@Comment     pages = "2007"
@Comment }


@Comment @PHDTHESIS{ShaddockPhD,
@Comment 	author="D. A. Shaddock",
@Comment 	year="2000",
@Comment 	title="Advanced interferometry for gravitational wave detection",
@Comment 	school="Australian National University"
@Comment }

@Comment @ARTICLE{Shelby86,
@Comment     author = "R. M. Shelby and M. D. Levenson and D. F. Walls and A. Aspect and G. Milburn",
@Comment     year = "1986",
@Comment     title = "Generation of squeezed states of light with a fiber-optic ring interferometer",
@Comment     journal = "Phys. Rev. A",
@Comment     volume = "33",
@Comment     pages = "4008"
@Comment }


@BOOK{Shen84,
 author="Y. R. Shen",
 title="The principles of nonlinear optics",
 publisher="Wiley-Interscience",
 pages="",
 year="1984"
}



@ARTICLE{Shor94,
    author = "P. W. Shor",
    year = "1994",
    title = "Algorithms for quantum computation: discrete logarithms and factoring",
    journal = "Proceedings, 35$^{th}$ annual symposium on foundations of computer science, IEEE Press, Los Alamitos, CA",
     pages="124",
}


@BOOK{Siegman86,
 author="A. E. Siegman",
 title="Lasers",
 publisher="University Science Books, Mill Walley, California",
 pages="",
 year="1986"
}


@Comment @ARTICLE{Silberhorn01,
@Comment     author = "Ch. Silberhorn and P. K. Lam and O. Weiss and F. König and N. Korolkova and G. Leuchs",
@Comment     year = "2001",
@Comment     title = "Generation of continuous variable Einstein-Podolsky-Rosen entanglement via the Kerr nonlinearity in an optical fiber",
@Comment     journal = "Phys. Rev. Lett.",
@Comment     volume = "86",
@Comment     pages = "4267"
@Comment }



@Comment @ARTICLE{Simon00,
@Comment     author = "R. Simon",
@Comment     year = "2000",
@Comment     title = "Peres-Horodecki separability criterion for continuous variable systems",
@Comment     journal = "Phys. Rev. Lett.",
@Comment     volume = "84",
@Comment     pages = "2726"
@Comment }


@Comment @ARTICLE{Slusher85,
@Comment     author = "R. E. Slusher and L. W. Hollberg and B. Yurke and J. C. Mertz and J. F. Valley",
@Comment     year = "1985",
@Comment     title = "Observation of squeezed states generated by four-wave mixing in an optical cavity",
@Comment     journal = "Phys. Rev. Lett.",
@Comment     volume = "55",
@Comment     pages = "2409"
@Comment }

@Comment @ARTICLE{Slusher87,
@Comment     author = "R. E. Slusher and P. Grangier and A. LaPorta and B. Yurke and M. J. Potasek",
@Comment     year = "1987",
@Comment     title = "Pulsed squeezed light",
@Comment     journal = "Phys. Rev. Lett.",
@Comment     volume = "59",
@Comment     pages = "2566"
@Comment }

@Comment @ARTICLE{Smithey93,
@Comment     author = "D. T. Smithey and M. Beck and M. G. Raymer and A. Faridani",
@Comment     year = "1993",
@Comment     title = "Measurement of the Wigner distribution and the density matrix of a light mode using optical homodyne tomography: application to squeezed states and the vacuum",
@Comment     journal = "Phys. Rev. Lett.",
@Comment     volume = "70",
@Comment     pages = "1244"
@Comment }



@PHDTHESIS{SoerensenPhD,
	author="J. L. S\text{\o}rensen",
	year="1998",
	title="Nonclassical light for atomic physics and quantum teleportation",
	school="University of Aarhus"
}



@MISC{Steck08,
 author="D. A. Steck",
 title="Cesium D line data",
 howpublished="disponible en ligne à l'adresse suivante: http://steck.us/alkalidata",
 year="2008"
}


@Comment @ARTICLE{Suda00,
@Comment     author = "Y. Furukawa and K. Kitamura and S. Takekawa and A. Miyamoto and M. Terao and N. Suda",
@Comment     year = "2000",
@Comment     title = "Photorefraction in LiNbO$_3$ as a function of [Li]/[Nb] and MgO concentrations",
@Comment     journal = "Appl. Phys. Lett.",
@Comment     volume = "77",
@Comment     pages = "2494"
@Comment }

@Comment @ARTICLE{Symul05,
@Comment     author = "A. M. Lance and T. Symul and V. Sharma and C. Weedbrook and T. C. Ralph and P. K. Lam",
@Comment     year = "2005",
@Comment     title = "No-switching quantum key distribution using broadband modulated coherent light",
@Comment     journal = "Phys. Rev. Lett.",
@Comment     volume = "95",
@Comment     pages = "180503"
@Comment }

@ARTICLE{Targat05,
    author = "R. \text{Le Targat} and J.-J. Zondy and P. Lemonde",
    year = "2005",
    title = "75\%-Efficiency blue generation from an intracavity PPKTP frequency doubler",
    journal = "Opt. Comm.",
    volume = "247",
    pages = "471"
}


@Comment @PHDTHESIS{TrepsPhD,
@Comment 	author="N. Treps",
@Comment 	year="2001",
@Comment 	title="Effets quantiques dans les images optiques",
@Comment 	school="Université Pierre et Marie Curie"
@Comment }


@Comment @ARTICLE{Treps05,
@Comment     author = "N. Treps and C. Fabre",
@Comment     year = "2005",
@Comment     title = "Criteria of quantum correlation in the measurement of continuous variables in optics",
@Comment     journal = "Laser Phys.",
@Comment     volume = "15",
@Comment     pages = "187"
@Comment }


@Comment @PHDTHESIS{VernacPhD,
@Comment 	author="L. Vernac",
@Comment 	year="2001",
@Comment 	title="Etude expérimentale et théorique des fluctuations quantiques de champs et d'atomes couplés en cavité",
@Comment 	school="Université Pierre et Marie Curie"
@Comment }

@PHDTHESIS{VirginiaPhD,
	author="V. D'Auria",
	year="2005",
	title="Dynamics and behaviour of triply resonant OPOs below threshold",
	school="Université de Naples"
}


@Comment @ARTICLE{Vogel89,
@Comment     author = "K. Vogel and H. Risken",
@Comment     year = "1989",
@Comment     title = "Determination of quasiprobability distributions in terms of probability distributions for the rotated quadrature phase",
@Comment     journal = "Phys. Rev. A",
@Comment     volume = "40",
@Comment     pages = "2847"
@Comment }


@Comment @ARTICLE{Walls83,
@Comment     author = "D. F. Walls",
@Comment     year = "1983",
@Comment     title = "Squeezed states of light",
@Comment     journal = "Nature",
@Comment     volume = "306",
@Comment     pages = "141"
@Comment }


@Comment @PHDTHESIS{WengerPhD,
@Comment 	author="J. Wenger",
@Comment 	year="2004",
@Comment 	title="Dispositifs impulsionnels pour la communication quantique à variables continues",
@Comment 	school="Université Paris XI"
@Comment }


@Comment @ARTICLE{Weedbrook04,
@Comment     author = "C. Weedbrook and A. M. Lance and W. P. Bowen and T. Symul and T. C. Ralph and P. K. Lam",
@Comment     year = "2004",
@Comment     title = "Quantum cryptography without switching",
@Comment     journal = "Phys. Rev. Lett.",
@Comment     volume = "93",
@Comment     pages = "170504"
@Comment }

@Comment @ARTICLE{Wigner32,
@Comment     author = "E. Wigner",
@Comment     year = "1932",
@Comment     title = "On the quantum correction for thermodynamic equilibrium",
@Comment     journal = "Phys. Rev.",
@Comment     volume = "40",
@Comment     pages = "749"
@Comment }

@Comment @ARTICLE{Wolf08,
@Comment     author = "M. Owari and M. B. Plenio and E. S. Polzik and A. Serafini and M. M. Wolf",
@Comment     year = "2008",
@Comment     title = "Squeezing the limit: quantum benchmarks for the teleportation and storage of squeezed states",
@Comment     journal = "New J. Phys.",
@Comment     volume = "10",
@Comment     pages = "113014"
@Comment }

@Comment @ARTICLE{Wootters82,
@Comment     author = "W. K. Wootters and W. H. Zurek",
@Comment     year = "1982",
@Comment     title = "A single quantum cannot be cloned",
@Comment     journal = "Nature",
@Comment     volume = "299",
@Comment     pages = "802"
@Comment }

@Comment @ARTICLE{Xiao95,
@Comment     author = "Y.-Q. Li and M. Xiao",
@Comment     year = "1995",
@Comment     title = "Electromagnetically induced transparency in a three-level $\Lambda$-type system in rubidium atoms",
@Comment     journal = "Phys. Rev. A",
@Comment     volume = "51",
@Comment     pages = "R2703"
@Comment }

@Comment @ARTICLE{Ye02,
@Comment     author = "C. Y. Ye and A. S. Zibrov",
@Comment     year = "2002",
@Comment     title = "Width of the electromagnetically induced transparency resonance in atomic vapor",
@Comment     journal = "Phys. Rev. A",
@Comment     volume = "65",
@Comment     pages = "023806"
@Comment }

@Comment @ARTICLE{Zeilinger07,
@Comment     author = "T. Schmitt-Manderbach and H. Weier and M. Fürst and R. Ursin and F. Tiefenbacher and T. Scheidl and J. Perdigues and Z. Sodnik and C. Kurtsiefer and J. G. Rarity and A. Zeilinger and H. Weinfurter",
@Comment     year = "2007",
@Comment     title = "Experimental demonstration of free-space decoy-state quantum key distribution over 144 km",
@Comment     journal = "Phys. Rev. Lett.",
@Comment     volume = "98",
@Comment     pages = "010504"
@Comment }

@Comment @ARTICLE{Zeilinger07b,
@Comment     author = "H. Hübel and M. R. Vanner and T. Lederer and B. Blauensteiner and T. Lorünser and A. Poppe and A. Zeilinger",
@Comment     year = "2007",
@Comment     title = "High-fidelity transmission of polarized encoded qubits from an entangled source over 100 km of fiber",
@Comment     journal = "Opt. Express",
@Comment     volume = "15",
@Comment     pages = "7853"
@Comment }

@Comment @ARTICLE{Zhang03,
@Comment     author = "T. C. Zhang and K. W. Goh and C. W. Chou and P. Lodahl and H. J. Kimble",
@Comment     year = "2003",
@Comment     title = "Quantum teleportation of light beams",
@Comment     journal = "Phys. Rev. A",
@Comment     volume = "67",
@Comment     pages = "033802"
@Comment }

@Comment @ARTICLE{Zhang02,
@Comment     author = "J. Zhang",
@Comment     year = "2003",
@Comment     title = "Einstein-Podolsky-Rosen sideband entanglement in broadband squeezed light",
@Comment     journal = "Phys. Rev. A",
@Comment     volume = "67",
@Comment     pages = "054302"
@Comment }
