bb@article{feynman1982simulating,
  title={{Simulating physics with computers}},
  author={Feynman, R.P.},
  journal={International journal of theoretical physics},
  volume={21},
  pages={467--488},
  year={1982},
  publisher={Springer}
}


@article{Bennett84,
    author = "C. H. Bennett and G. Brassard",
    year = "1984",
    title = "Quantum cryptography: public key distribution and coin tossing",
    journal = "Proceedings of IEEE International conference on computers, systems, and signal processing",
    pages = "175"
}



@ARTICLE{Deutsch85,
    author = "D. Deutsch",
    year = "1985",
    title = "Quantum theory, the Church-Turing principle and the universal quantum computer",
    journal = "Proceedings of the royal society of London A",
    volume = "400",
    pages = "97"
}



@ARTICLE{Ekert91,
    author = "A. K. Ekert",
    year = "1991",
    journal = "Phys. Rev. Lett.",
    volume = "67",
    pages = "661",
    title = "Quantum cryptography based on Bell's theorem"
}



@ARTICLE{Shor94,
    author = "P. W. Shor",
    year = "1994",
    title = "Algorithms for quantum computation: discrete logarithms and factoring",
    journal = "Proceedings, 35$^{th}$ annual symposium on foundations of computer science, IEEE Press, Los Alamitos, CA",
     pages="124",
}



@ARTICLE{Grover96,
    author = "L. K. Grover",
    year = "1996",
    title = "A fast quantum mechanical algorithm for database search",
    journal = "Proceedings, 28$^{th}$ annual ACM symposium on the theory of computing",
    pages = "212"
}



@PHDTHESIS{CviklinskiPhD,
	author="J. Cviklinski",
	year="2008",
	title="Interface quantique atomes-champs en r\'egime de variables continues",
	school="Universit\'e Pierre et Marie Curie"
}


@PHDTHESIS{CoudreauPhD,
	author = "T. Coudreau",
	title = "R\'eduction du bruit et tomographie quantique d'un faisceau laser interagissant avec des atomes froids: th\'eorie et exp\'eriences",
	school = "Universit\'e Pierre et Marie Curie",
	year = "1997"
}

@PHDTHESIS{DantanPhD,
	author = "A. Dantan",
	title = "G\'en\'eration, stockage et manipulation d'\'etats non classiques pour des ensembles atomiques et des champs \'electromagn\'etiques",
	school = "Universit\'e Pierre et Marie Curie",
	year = "2005"
}


@PHDTHESIS{HilicoPhD,
	author="L. Hilico",
	year="1992",
	title="R\'eduction du bruit quantique de la lumi\`ere par une cavit\'e bistable",
	school="Universit\'e Pierre et Marie Curie"
}

@PHDTHESIS{JossePhD,
	author="V. Josse",
	year="2003",
	title="R\'eduction du bruit de polarisation et intrication quantique en variables continues avec un nuage d'atomes froids",
	school="Universit\'e Pierre et Marie Curie"
}


@PHDTHESIS{LauratPhD,
	author="J. Laurat",
	year="2004",
	title="Etats non-classiques et intrication en variables continues \`a l'aide d'un oscillateur param\'etrique optique",
	school="Universit\'e Pierre et Marie Curie"
}



@PHDTHESIS{LambrechtPhD,
	author="A. Lambrecht",
	year="1995",
	title="Atomes froids et fluctuations quantiques",
	school="Universit\'e Pierre et Marie Curie"
}

@PHDTHESIS{VernacPhD,
	author="L. Vernac",
	year="2001",
	title="Etude exp\'erimentale et th\'eorique des fluctuations quantiques de champs et d'atomes coupl\'es en cavit\'e",
	school="Universit\'e Pierre et Marie Curie"
}
%Articles

@ARTICLE{Briegel98,
    author = "H.-J. Briegel and W. Dur and J. I. Cirac and P. Zoller",
    year = "1998",
    title = "Quantum repeaters: the role of imperfect local operations in quantum communication",
    journal = "Phys. Rev. Lett.",
    volume = "81",
    pages = "5932"
}


@ARTICLE{Chaneliere05,
    author = "T. Chaneli\`ere and D. N. Matsukevich",
    year = "1997",
    title = "Measurement of the quantum states of squeezed light",
    journal = "Nature",
    volume = "387",
    pages = "471"
}


@article{chaneliere2010efficient,
  title={{Efficient light storage in a crystal using an atomic frequency comb}},
  author={Chaneli\`ere, T. and Ruggiero, J. and Bonarota, M. and Afzelius, M. and Gou{\.e}t, JL},
  journal={New Journal of Physics},
  volume={12},
  pages={023025},
  year={2010},
  publisher={IOP Publishing}
}


@ARTICLE{Duan01,
    author = "L.-M. Duan and M. D. Lukin and J. I. Cirac and P. Zoller",
    year = "2001",
    title = "Long-distance quantum communication with atomic ensembles and linear optics",
    journal = "Nature",
    volume = "414",
    pages = "413"
}


@ARTICLE{Kozuma08,
    author = "K. Honda and D. Akamatsu and M. Arikawa and Y. Yokoi and K. Akiba and S. Nagatsuka and T. Tanimura and A. Furusawa and M. Kozuma",
    year = "2008",
    title = "Storage and retrieval of a squeezed vacuum",
    journal = "Phys. Rev. Lett.",
    volume = "100",
    pages = "093601"
}

@ARTICLE{Kozuma09,
    author = "M. Arikawa and K. Honda and D. Akamatsu and S. Nagatsuka and A. Furusawa and M. Kozuma",
    year = "2009",
    title = "Quantum memory of a squeezed vacuum for arbitrary frequency sidebands",
    journal = "arXiv:0905.2816v1 [quant-ph]"
}

@ARTICLE{Kuzmich05,
    author = "T. Chaneli\`ere and D. N. Matsukevich and S. D. Jenkins and S.-Y. Lan and T. A. B. Kennedy and A. Kuzmich",
    year = "2005",
    title = "Storage and retrieval of single photons transmitted between remote quantum memories",
    journal = "Nature",
    volume = "438",
    pages = "833"
}


@ARTICLE{Lukin05,
    author = "M. D. Eisaman and A. Andr\'e and F. Massou and M. Fleischhauer and A. S. Zibrov and M. D. Lukin",
    year = "2005",
    title = "Electromagnetically induced transparency with tunable single-photon pulses",
    journal = "Nature",
    volume = "438",
    pages = "837"
}

@ARTICLE{Lvovsky08,
    author = "J. Appel and E. Figueroa and D. Korystov and M. Lobino and A. I. Lvovsky",
    year = "2008",
    title = "Quantum memory for squeezed light",
    journal = "Phys. Rev. Lett.",
    volume = "100",
    pages = "093602"
}

@article{lvovsky2009optical,
  title={{Optical quantum memory}},
  author={Lvovsky, A.I. and Sanders, B.C. and Tittel, W.},
  journal={Nature Photonics},
  volume={3},
  pages={706--714},
  year={2009},
  publisher={Nature Publishing Group}
}

@ARTICLE{Polzik04,
    author = "B. Julsgaard and J. Sherson and J. I. Cirac and J. Fiurasek and E. S. Polzik",
    year = "2004",
    title = "Experimental demonstration of quantum memory for light",
    journal = "Nature",
    volume = "432",
    pages = "482"
}

@Article{PhysRevLett.96.043602,
  title = {Photon Echoes Produced by Switching Electric Fields},
  author = {Alexander, A. L. and Longdell, J. J. and Sellars, M. J. and Manson, N. B.},
  journal = {Phys. Rev. Lett.},
  volume = {96},
  pages = {043602},
  numpages = {4},
  year = {2006},
  month = {Feb},
  doi = {10.1103/PhysRevLett.96.043602},
  publisher = {American Physical Society}
}

@ARTICLE{Zeilinger07b,
    author = "H. Hubel and M. R. Vanner and T. Lederer and B. Blauensteiner and T. Lorunser and A. Poppe and A. Zeilinger",
    year = "2007",
    title = "High-fidelity transmission of polarized encoded qubits from an entangled source over 100 km of fiber",
    journal = "Opt. Express",
    volume = "15",
    pages = "7853"
}
% Support

@ARTICLE{Giacobino87,
    author = "A. Heidmann and R. J. Horowicz and S. Reynaud and E. Giacobino and C. Fabre and G. Camy",
    year = "1987",
    title = "Observation of quantum noise reduction on twin laser beams",
    journal = "Phys. Rev. Lett.",
    volume = "59",
    pages = "2555"
}


@ARTICLE{Glauber63,
    author = "R. J. Glauber",
    year = "1963",
    title = "Coherent and incoherent states of the radiation field",
    journal = "Phys. Rev.",
    volume = "131",
    pages = "2766"
}


@ARTICLE{Reid88,
	author = "M. Reid and P. Drummond",
	year = "1988",
	journal = "Phys. Rev. Lett.",
	volume = "60",
	pages = "2731",
	title = "Quantum correlations of phase in nondegenerate parametric oscillation"
}


@ARTICLE{Reid89,
	author = "M. Reid",
	year = "1989",
	journal = "Phys. Rev. A",
	volume = "40",
	pages = "913",
	title = "Demonstration of the Einstein-Podolsky-Rosen paradox using non-degenerate parametric amplification"
}



%% Courses

@MISC{courty05,
 author="J. M. Courty",
 title="Optique Quantique, notes de course",
 year="2005"
}


@ARTICLE{Fabre89,
	author = "C. Fabre and E. Giacobino and A. Heidmann and S. Reynaud",
	year = "1989",
	journal = "J. Phys.",
	volume = "50",
	pages = "1209",
	title = "Noise characteristics of a non-degenerate optical parametric oscillator - Application to quantum noise reduction"
}



@BOOK{Fabre90,
 author="C. Fabre",
 title="Quantum noise in optical systems",
 publisher="Les Houches, Session LIII, 1990, North-Holland",
 pages="",
 year="1990"
}

@BOOK{Fabre95,
 author="C. Fabre",
 title="Quantum fluctuations in light beams",
 publisher="Les Houches, Session LXIII, 1995, Elsevier Science B. V.",
 pages="",
 year="1997"
}


@MISC{Fabre07,
 author="C. Fabre",
 title="Quantum optics, from one mode to many modes",
 howpublished="notes de cours dispens\'es pendant l'Ecole Pr\'edoctorale des Houches session XXIV, disponibles \`a l'adresse: http://hal-sfo.ccsd.cnrs.fr/houches-opt-quan/fr/",
 year="2007"
}



%% Articles

@Article{duan,
  title = {Inseparability Criterion for Continuous Variable Systems},
  author = {Duan, Lu-Ming  and Giedke, G.  and Cirac, J. I. and Zoller, P. },
  journal = {Phys. Rev. Lett.},
  volume = {84},
  pages = {2722--2725},
  numpages = {3},
  year = {2000},
  month = {Mar},
  doi = {10.1103/PhysRevLett.84.2722},
  publisher = {American Physical Society}
}


@ARTICLE{Glauber69,
    author = "K. E. Cahill and R. J. Glauber",
    year = "1969",
    title = "Density operators and quasiprobability distributions",
    journal = "Phys. Rev.",
    volume = "177",
    pages = "1882"
}

@Article{simon,
  title = {Peres-Horodecki Separability Criterion for Continuous Variable Systems},
  author = {Simon, R. },
  journal = {Phys. Rev. Lett.},
  volume = {84},
  pages = {2726--2729},
  numpages = {3},
  year = {2000},
  month = {Mar},
  doi = {10.1103/PhysRevLett.84.2726},
  publisher = {American Physical Society}
}

@article{treps2005criteria,
  title={{Criteria of Quantum Correlation in the Measurement of Continuous Variables in Optics}},
  author={Treps, N. and Fabre, C.},
  journal={Laser Physics},
  volume={15},
  pages={187--194},
  year={2005}
}

@ARTICLE{Wigner32,
    author = "E. Wigner",
    year = "1932",
    title = "On the quantum correction for thermodynamic equilibrium",
    journal = "Phys. Rev.",
    volume = "40",
    pages = "749"
}


%% Books

@book{bachor2004guide,
  title={{A Guide To Experiments In Quantum Optics}},
  author={Bachor, H.A. and Ralph, T.C.},
  year={2004},
  publisher={wiley-vch}
}


@book{cohen,
 author="C. Cohen-Tannoudji and B. Diu and F. Laloe",
 title="Quantum Mechanics, Vol 1",
 publisher="Editions Hermann",
 pages="",
 year="1973"
}


@book{fox2006quantum,
  title={{Quantum optics: an introduction}},
  author={Fox, A.M.},
  year={2006},
  publisher={Oxford University Press, USA}
}


@book{garrison2008quantum,
  title={{Quantum Optics}},
  author={Garrison, J. and Chiao, R.Y.},
  year={2008},
  publisher={Oxford University Press, USA}
}


@book{gerry2005introductory,
  title={{Introductory Quantum Optics}},
  author={Gerry, C.C. and Knight, P.L.},
  year={2005},
  publisher={Cambridge Univ Pr}
}


@book{Glauberbis63,
    author = "R. J. Glauber",
    year = "1963",
    title = "The quantum theory of optical coherence",
    journal = "Phys. Rev.",
    volume = "130",
    pages = "2529"
}



@book{leonhardt1997measuring,
  title={{Measuring the Quantum State Of Light}},
  author={Leonhardt, U.},
  year={1997},
  publisher={Cambridge Univ Pr}
}

@book{loudon2000quantum,
  title={{The Quantum Theory of Light}},
  author={Loudon, R.},
  year={2000},
  publisher={Oxford University press, USA}
}

@book{mandel1995optical,
  title={{Optical Coherence and Quantum Optics}},
  author={Mandel, L. and Wolf, E.},
  year={1995},
  publisher={Cambridge Univ Pr}
}


@book{scully1997quantum,
  title={{Quantum optics}},
  author={Scully, M.O. and Zubairy, M.S.},
  year={1997},
  publisher={Cambridge Univ. Press}
}

@book{schleich2001quantum,
  title={{Quantum optics in phase space}},
  author={Schleich, W.},
  year={2001},
  publisher={Vch Verlagsgesellschaft Mbh}
}

@book{walls2008quantum,
  title={{Quantum optics}},
  author={Walls, DF and Milburn, G.J.},
  year={2008},
  publisher={Springer Verlag}
}





%% Thesises

@PHDTHESIS{LamPhD,
	author="P. K. Lam",
	year="1998",
	title="Applications Of Quantum Electro-Optic Control and Squeezed Light",
	school="Australian National University"
}


@phdthesis{bowen2003experiments,
  title={{Experiments Towards a Quantum Information Network With Squeezed Light and Entanglement}},
  author={Bowen, WP},
  school={Australian National University},
  year={2003}
}

@phdthesis{appel-light,
  title={{A Light-Atom Quantum Interface Based on Electromagnetically Induced Transparency}},
  author={Appel, J.},
  school={The University of Calgary},
  year={2007}
}

@phdthesis{dauria,
  title={{Dynamics and Behavoir of Triply Resonant OPOs Below the Threshold}},
  author={D'Auria, V.},
  school={Universit\`a Degli Studi di Napoli Federico II},
  year={2005}
}
%%Articles

@article{Reynaud1989209,
title = "A semiclassical linear input output transformation for quantum fluctuations",
journal = "Optics Communications",
volume = "71",
pages = "209 - 214",
year = "1989",
note = "",
issn = "0030-4018",
doi = "DOI: 10.1016/0030-4018(89)90429-X",
url = "http://www.sciencedirect.com/science/article/B6TVF-46DFWS9-PY/2/4f6bc1708f93c5406db6c02931c3860e",
author = "Serge Reynaud and Antoine Heidmann"
}


@article{fabre1989noise,
  title={{Noise characteristics of a non-degenerate Optical Parametric Oscillator-Application to quantum noise reduction}},
  author={Fabre, C. and Giacobino, E. and Heidmann, A. and Reynaud, S.},
  journal={Journal de Physique},
  volume={50},
  pages={1209--1225},
  year={1989},
  publisher={edpsciences. org}
}

%%Books
@book{bloembergen1996nonlinear,
  title={{Nonlinear optics}},
  author={Bloembergen, N.},
  year={1996},
  publisher={World Scientific Pub Co Inc}
}


@book{boyd,
  title={{Nonlinear Optics. 1992}},
  author={Boyd, RW},
  publisher={New York: Academic Press},
  year={1992}
}


@book{shen1984principles,
  title={{The principles of nonlinear optics}},
  author={Shen, Y.R.},
  year={1984},
  publisher={Wiley-Interscience, New York, NY, USA}
}


%%Thesises

@PHDTHESIS{BourzeixPhD,
	author = "S. Bourzeix",
	title = "Laser continu \`a 205 nm: application \`a la mesure du d\'eplacement de Lamb dans l'hydrog\`ene",
	school = "Universit\'e Pierre et Marie Curie",
	year = "1995"
}


@phdthesis{ortalo,
        location = {http://www.scientificcommons.org/54722789},
        title = {Transparence induite \'electromagn\'etiquement et m\'emoire quantique dans une vapeur de c\'esium},
        author = {Ortalo, J\'er\'emie},
        year = {2009},
	school="Universit\'e Pierre et Marie Curie",
        url = {http://tel.archives-ouvertes.fr/tel-00424144/en/},
        institution = {Th\`eses en Ligne [http://tel.archives-ouvertes.fr/oai/oai.php] (France)},
}


@phdthesis{SoerensenPhD,
	author="J. L. S\text{\o}rensen",
	year="1998",
	title="Nonclassical light for atomic physics and quantum teleportation",
	school="University of Aarhus"
}



%% Notes

@MISC{joffre,
 author="M. Joffre",
 title="Optique non-lin\'eaire en r\'egimes continu et femtoseconde",
 howpublished="notes de cours de Master 2 disponibles \`a l'adresse suivante: http://www.enseigne\-ment.polytechnique.fr/profs/physique/Manuel.Joffre/onl/cours.pdf",
 year="2009"
}

%% Articles
@ARTICLE{Biaggio92,
    author = "I. Biaggio and P. Kerkoc and L.-S. Wu and P. Gunter and B. Zysset",
    year = "1992",
    title = "Refractive indices of orthorhombic KNbO$_3$. II. Phase-matching configurations for nonlinear-optical interactions",
    journal = "J. Opt. Soc. Am. B",
    volume = "9",
    pages = "507"
}


@ARTICLE{Boyd68,
    author = "G. D. Boyd and D. A. Kleinman",
    year = "1968",
    title = "Parametric interaction of focused gaussian light beams",
    journal = "J. Appl. Phys.",
    volume = "39",
    pages = "3597"
}

@ARTICLE{Boulanger00,
    author = "B. Boulanger and J.-Ph. F\`eve and Y. Guillien",
    year = "2000",
    title = "Thermo-optical effect and saturation of nonlinear absorption induced by gray tracking in a 532-nm-pumped KTP optical parametric oscillator",
    journal = "Opt. Lett.",
    volume = "25",
    pages = "484"
}


@ARTICLE{Hansson00,
    author = "G. Hansson and H. Karlsson and S. Wang and F. Laurell",
    year = "2000",
    title = "Transmission measurements in KTP and isomorphic compounds",
    journal = "Appl. Opt.",
    volume = "39",
    pages = "5058"
}


@article{Shaddock:99, 

author = {D. A. Shaddock and M. B. Gray and D. E. McClelland}, 
journal = {Opt. Lett.}, 
keywords = {Fabry-Perot; Interferometry; Optoelectronics},
pages = {1499--1501}, 
publisher = {OSA},
title = {Frequency locking a laser to an optical cavity by use of spatial mode interference}, 
volume = {24}, 
year = {1999},
url = {http://ol.osa.org/abstract.cfm?URI=ol-24-21-1499},
}


@article{aalto:2861,
author = {Timo T. Aalto and Mikko Harjanne and Markku Kapulainen},
collaboration = {},
title = {Method for the rotational alignment of polarization-maintaining optical fibers and waveguides},
publisher = {SPIE},
year = {2003},
journal = {Optical Engineering},
volume = {42},
pages = {2861-2867},
keywords = {optical fibre testing; optical waveguides; angular measurement; optical fibre polarisation; optical polarisers; optical fibre couplers},
url = {http://link.aip.org/link/?JOE/42/2861/1},
doi = {10.1117/1.1600730}
}

@article{Vanherzeele, 
author = {Herman Vanherzeele and J. D. Bierlein and F. C. Zumsteg}, 
journal = {Appl. Opt.}, 
keywords = {},
pages = {3314--3316}, 
publisher = {OSA},
title = {Index of refraction measurements and parametric generation in hydrothermally grown KTiOPO4}, 
volume = {27}, 
year = {1988},
url = {http://ao.osa.org/abstract.cfm?URI=ao-27-16-3314},
}


@article{villa2007,
  title={{High-efficiency blue-light generation with a ring cavity with periodically poled KTP}},
  author={Villa, F. and Chiummo, A. and Giacobino, E. and Bramati, A.},
  journal={Journal of the Optical Society of America B},
  volume={24},
  pages={576--580},
  year={2007},
  publisher={OSA}
}

@article{Eckardt:91,
author = {Robert C. Eckardt and C. D. Nabors and William J. Kozlovsky and Robert L. Byer},
journal = {J. Opt. Soc. Am. B},
keywords = {},
pages = {646--667},
publisher = {OSA},
title = {Optical parametric oscillator frequency tuning and control},
volume = {8},
year = {1991},
url = {http://josab.osa.org/abstract.cfm?URI=josab-8-3-646},
}

@article{letargat2005,
title = "75\%-Efficiency blue generation from an intracavity PPKTP frequency doubler",
journal = "Optics Communications",
volume = "247",
pages = "471 - 481",
year = "2005",
note = "",
issn = "0030-4018",
doi = "DOI: 10.1016/j.optcom.2004.11.081",
url = "http://www.sciencedirect.com/science/article/B6TVF-4DYVTRF-2/2/baa7233dc12814936c0c2661b7643656",
author = "R. Le Targat and J.-J. Zondy and P. Lemonde",
keywords = "Second harmonic generation",
keywords = "PPKTP",
keywords = "Strontium",
keywords = "Thermal effects"
}


@article{Mabuchi:94, 
author = {H. Mabuchi and E. S. Polzik and H. J. Kimble}, 
journal = {J. Opt. Soc. Am. B}, 
keywords = {},
pages = {2023--2029}, 
publisher = {OSA},
title = {Blue-light-induced infrared absorption in KNbO3}, 
volume = {11}, 
year = {1994},
url = {http://josab.osa.org/abstract.cfm?URI=josab-11-10-2023},
}


@article{black4notes,
  title={{Notes on the pound-drever-hall technique}},
  author={Black, E.},
  journal={Technical Note LIGO-T980045-00-D},
  volume={4},
  pages={16--98},
  year={2001}
}


@article{black79,
author = {Eric D. Black},
collaboration = {},
title = {An introduction to Pound--Drever--Hall laser frequency stabilization},
publisher = {AAPT},
year = {2001},
journal = {American Journal of Physics},
volume = {69},
pages = {79-87},
keywords = {teaching; laser theory; laser frequency stability; laser mode locking},
url = {http://link.aip.org/link/?AJP/69/79/1},
doi = {10.1119/1.1286663}
}


@article{arie1997,
title = "Green and ultraviolet quasi-phase-matched second harmonic generation in bulk periodically-poled KTiOPO4",
journal = "Optics Communications",
volume = "142",
pages = "265 - 268",
year = "1997",
note = "",
issn = "0030-4018",
doi = "DOI: 10.1016/S0030-4018(97)00338-6",
url = "http://www.sciencedirect.com/science/article/B6TVF-497C5R6-TM/2/02474b462ebab22f73739611efb6e70f",
author = "A. Arie and G. Rosenman and V. Mahal and A. Skliar and M. Oron and M. Katz and D. Eger"
}


%% Bookes

%% Thesises

 
@phdthesis{shaddock2001,
  title={{Advanced Interferometry for Gravitational Wave Detection}},
  author={Shaddock, D.A.},
  year={2001},
  school={The Australian National University}
}
@Article{PhysRevA.61.010304,
  title = {Maximum-likelihood estimation of the density matrix},
  author = {Banaszek, K.  and D'Ariano, G. M. and Paris, M. G. A. and Sacchi, M. F.},
  journal = {Phys. Rev. A},
  volume = {61},
  pages = {010304},
  numpages = {4},
  year = {1999},
  month = {Dec},
  doi = {10.1103/PhysRevA.61.010304},
  publisher = {American Physical Society}
}


@Article{PhysRevA.63.040303,
  title = {Iterative algorithm for reconstruction of entangled states},
  author = {Reh\'acek, J.  and Hradil, Z.  and Jezek, M. },
  journal = {Phys. Rev. A},
  volume = {63},
  pages = {040303},
  numpages = {4},
  year = {2001},
  month = {Mar},
  doi = {10.1103/PhysRevA.63.040303},
  publisher = {American Physical Society}
}

@Article{RevModPhys.81.299,
  title = {Continuous-variable optical quantum-state tomography},
  author = {Lvovsky, A. I. and Raymer, M. G.},
  journal = {Rev. Mod. Phys.},
  volume = {81},
  pages = {299--332},
  numpages = {33},
  year = {2009},
  month = {Mar},
  doi = {10.1103/RevModPhys.81.299},
  publisher = {American Physical Society}
}



@article{lvovsky2004,
  title={{Iterative maximum-likelihood reconstruction in quantum homodyne tomography}},
  author={Lvovsky, AI},
  journal={Journal of Optics B: Quantum and Semiclassical Optics},
  volume={6},
  year={2004},
  publisher={IOP Publishing Ltd, Dirac House, Temple Back, Bristol, BS 1 6 BE, UK,}
}




@BOOK{Siegman86,
 author="A. E. Siegman",
 title="Lasers",
 publisher="University Science Books, Mill Walley, California",
 pages="",
 year="1986"
}%%  Articles


%% Memory

@conference{harris1997electromagnetically,
  title={{Electromagnetically induced transparency}},
  author={Harris, SE},
  booktitle={Quantum Electronics and Laser Science Conference, 1997. QELS'97., Summaries of Papers Presented at the},
  pages={25--25},
  year={1997}
}

@article{chaneliere2005storage,
  title={{Storage and retrieval of single photons transmitted between remote quantum memories}},
  author={Chaneli\`ere, T. and Matsukevich, DN and Jenkins, SD and Lan, S.Y. and Kennedy, TAB and Kuzmich, A.},
  journal={Nature},
  volume={438},
  number={7069},
  pages={833--836},
  year={2005},
  publisher={Nature Publishing Group}
}

@article{choi2008mapping,
  title={{Mapping photonic entanglement into and out of a quantum memory}},
  author={Choi, KS and Deng, H. and Laurat, J. and Kimble, HJ},
  journal={Nature},
  volume={452},
  pages={67--71},
  year={2008},
  publisher={Nature Publishing Group}
}


@article{zhao2008millisecond,
  title={{A millisecond quantum memory for scalable quantum networks}},
  author={Zhao, B. and Chen, Y.A. and Bao, X.H. and Strassel, T. and Chuu, C.S. and Jin, X.M. and Schmiedmayer, J. and Yuan, Z.S. and Chen, S. and Pan, J.W.},
  journal={Nature Physics},
  volume={5},
  pages={95--99},
  year={2008},
  publisher={Nature Publishing Group}
}


%% MOT

@article{steck2003cesium,
  title={{Cesium D line data}},
  author={Steck, D.A.},
  journal={Los Alamos National Laboratory (unpublished)},
  year={2003}
}


@article{wieman2008inexpensive,
  title={{Inexpensive laser cooling and trapping experiment for undergraduate laboratories}},
  author={Wieman, C. and Flowers, G. and Gilbert, S.},
  journal={Collected Papers of Carl Wieman},
  volume={63},
  pages={383},
  year={2008},
  publisher={World Scientific Pub Co Inc}
}


@article{garrido2007,
  title={{Compensation of eddy-current-induced magnetic field transients in a MOT}},
  author={Garrido Alzar, C.L. and Petrov, P.G. and Oblak, D. and Mueller, J.H. and Polzik, E.S.},
  year={2007}
}









%% Diode Lasers
@article{Baillard06,
    author = "X. Baillard and A. Gauguet and S. Bize and P. Lemonde and Ph. Laurent and A. Clairon and P. Rosenbusch",
    year = "2006",
    title = "Interference-filter-stabilized external-cavity diode lasers",
    journal = "Opt. Comm.",
    volume = "266",
    pages = "609"
}








%% PLL
@article{abramovitch2002phase,
  title={{Phase-locked loops: A control centric tutorial}},
  author={Abramovitch, D.},
  booktitle={American Control Conference, 2002. Proceedings of the 2002},
  volume={1},
  year={2002}
}



@article{curtin1999phase1,
  title={{Phase-Locked Loops for High-Frequency Receivers and Transmitters-Part 1}},
  author={Curtin, M. and O Brien, P.},
  journal={Analog Dialogue},
  volume={33},
  year={1999},
  publisher={Citeseer}
}

@article{curtin1999phase2,
  title={{Phase-Locked Loops for High-Frequency Receivers and Transmitters-Part 2}},
  author={Curtin, M. and O Brien, P.},
  journal={Analog Dialogue},
  volume={33},
  pages={123--126},
  year={1999},
  publisher={Citeseer}
}

@article{curtin1999phase3,
  title={{Phase-Locked Loops for High-Frequency Receivers and Transmitters-Part 3}},
  author={Curtin, M. and O'Brien, P.},
  journal={Analog Dialogue},
  volume={33},
  year={1999},
  publisher={Citeseer}
}


@misc{mch12140,
  author =	 "On Semiconductor",
  title =	 "MCH12140 Phase-Frequency Detector Datasheet",
  year=          "2006"
}

@misc{mch12093,
  author =	 "On Semiconductor",
  title =	 "MC12093 Low Power prescaler with Stand-By Mode Datasheeet",
  year = "2006"
}

@misc{and8040,
  author =	 "On Semiconductor",
  title =	 "AND8040/D  Phase Lock Loop General Operations",
  year = "2004"
}


@misc{langton,
  author =	 "Langton, C.",
  title =	 "Unlocking the Phases Locked Loop",
  year = "2002"
}

%% OPLL

@article{appel2009versatile,
title={{A versatile digital GHz phase lock for external cavity diode lasers}},
author={Appel, J. and MacRae, A. and Lvovsky, AI},
journal={Measurement Science and Technology},
volume={20},
pages={055302},
year={2009},
publisher={Institute of Physics Publishing}
}



@article{zhu1993stabilization,
title={{Stabilization of optical phase/frequency of a laser system: application to a commercial dye laser with an external stabilizer}},
author={Zhu, M. and Hall, J.L.},
journal={Journal of the Optical Society of America B},
volume={10},
pages={802--816},
year={1993},
publisher={OSA}
}


@article{lu2008realization,
title={{Realization of Optical Phase Locked Loop at 9.2 GHz between Two Independent Diode Lasers}},
author={Lu-Ming, L. and Wen-Zhuo, T. and Zhen-Yan, H. and Hong, G.},
journal={Chinese Physics Letters},
volume={25},
pages={3253--3256},
year={2008},
publisher={Institute of Physics Publishing}
}


@article{hockel2009robust,
title={{A robust phase-locked diode laser system for EIT experiments in cesium}},
author={Hockel, D. and Scholz, M. and Benson, O.},
journal={Applied Physics B: Lasers and Optics},
volume={94},
pages={429--435},
year={2009},
publisher={Springer}
}



%% Raman Spectroscopy
@article{ringot2001subrecoil,
  title={{Subrecoil Raman spectroscopy of cold cesium atoms}},
  author={Ringot, J. and Szriftgiser, P. and Garreau, J.C.},
  journal={Physical Review A},
  volume={65},
  pages={13403},
  year={2001},
  publisher={APS}
}


@article{felinto2006conditional,
  title={{Conditional control of the quantum states of remote atomic memories for quantum networking}},
  author={Felinto, D. and Chou, CW and Laurat, J. and Schomburg, EW and De Riedmatten, H. and Kimble, HJ},
  journal={Nature Physics},
  volume={2},
  pages={844--848},
  year={2006},
  publisher={Nature Publishing Group}
}


%% One with Raman explanations


@article{felinto2005control,
  title={{Control of decoherence in the generation of photon pairs from atomic ensembles}},
  author={Felinto, D. and Chou, CW and De Riedmatten, H. and Polyakov, SV and Kimble, HJ},
  journal={Physical Review A},
  volume={72},
  pages={53809},
  year={2005},
  publisher={APS}
}


@misc{quantopt,
  author="Burks, Sidney",
  title="Source Code",
  howpublished="Github repository - http://github.com/quantopt  Public Domain",
  year=2010,
  url="http://github.com/quantopt"
}

@book{silage,
  title={{Embedded Design Using Programmable Gate Arrays}},
  author={Silage, D.},
  year={2008},
  publisher={Bookstand Publishing, USA}
}
